@article{NAVARRO2016108,
title = {Reporting consecutive substring occurrences under bounded gap constraints},
journal = {Theor. Comput. Sci},
volume = {638},
pages = {108-111},
year = {2016}
}

@inproceedings{emptiness,
author = {Chan, Timothy M. and Larsen, Kasper Green and P\u{a}tra\c{s}cu, Mihai},
title = {Orthogonal Range Searching on the RAM, Revisited},
year = {2011},
booktitle = {Proc. 27th {SoCG}},
pages = {1–10}
}

@inproceedings{conf/stoc/AlstrupBR01,
  author    = {Stephen Alstrup and
               Gerth St{\o}lting Brodal and
               Theis Rauhe},
  title     = {Optimal static range reporting in one dimension},
  booktitle = {Proc. 33rd {STOC}},
  pages     = {476--482},
  year      = {2001}
}

@inproceedings{constantspacepm,
  author    = {Maxime Crochemore},
  title     = {Constant-Space String-Matching},
  booktitle = {Proc. 8th {FSTTCS}},
  pages     = {80--87},
  year      = {1988}
}

@book{Gusfield1997,
  author    = {Dan Gusfield},
  title     = {Algorithms on Strings, Trees, and Sequences - Computer Science and
               Computational Biology},
  publisher = {Cambridge University Press},
  year      = {1997}
}

@article{NavarroT16,
  author    = {Gonzalo Navarro and
               Sharma V. Thankachan},
  title     = {Reporting consecutive substring occurrences under bounded gap constraints},
  journal   = {Theor. Comput. Sci.},
  volume    = {638},
  pages     = {108--111},
  year      = {2016}
}

@article{CrochemoreKK19,
  author    = {Maxime Crochemore and
               Roman Kolpakov and
               Gregory Kucherov},
  title     = {Optimal bounds for computing \emph{{\(\alpha\)}}-gapped repeats},
  journal   = {Inf. Comput.},
  volume    = {268},
  year      = {2019}
}


@article{Rytter02,
  author    = {Wojciech Rytter},
  title     = {Application of {L}empel-{Z}iv factorization to the approximation of grammar-based
               compression},
  journal   = {Theor. Comput. Sci.},
  volume    = {302},
  number    = {1-3},
  pages     = {211--222},
  year      = {2003}
}

@inproceedings{AbboudBBK20,
  author    = {Amir Abboud and
               Arturs Backurs and
               Karl Bringmann and
               Marvin K{\"{u}}nnemann},
  title     = {Impossibility Results for Grammar-Compressed Linear Algebra},
  booktitle = {Proc. 34th NeurIPS},
  pages={8810–8823},
  year      = {2020}
}

@inproceedings{AbboudBBK17,
  author    = {Amir Abboud and
               Arturs Backurs and
               Karl Bringmann and
               Marvin K{\"{u}}nnemann},
  title     = {Fine-Grained Complexity of Analyzing Compressed Data: Quantifying
               Improvements over Decompress-and-Solve},
  booktitle = {Proc. 58th {FOCS}},
  pages     = {192--203},
  year      = {2017}
}

@inproceedings{CharikarLLPPRSS02,
  author    = {Moses Charikar and
               Eric Lehman and
               Ding Liu and
               Rina Panigrahy and
               Manoj Prabhakaran and
               April Rasala and
               Amit Sahai and
               Abhi Shelat},
  title     = {Approximating the smallest grammar: Kolmogorov complexity in natural
               models},
  booktitle = {Proc. 34th {STOC}},
  pages     = {792--801},
  year      = {2002}
}

@incollection{MakinenN16,
  author    = {Veli M{\"{a}}kinen and
               Gonzalo Navarro},
  title     = {Compressed Text Indexing},
  booktitle = {Encyclopedia of Algorithms},
  pages     = {394--397},
  year      = {2016}
}

@incollection{FerraginaV18,
  author    = {Paolo Ferragina and
               Rossano Venturini},
  title     = {Indexing Compressed Text},
  booktitle = {Encyclopedia of Database Systems (2nd ed.)},
  publisher = {Springer},
  year      = {2018}
}

@article{LarsenMNT15,
  author    = {Kasper Green Larsen and
               J. Ian Munro and
               Jesper Sindahl Nielsen and
               Sharma V. Thankachan},
  title     = {On hardness of several string indexing problems},
  journal   = {Theor. Comput. Sci.},
  volume    = {582},
  pages     = {74--82},
  year      = {2015}
}

@inproceedings{KopelowitzPP16,
  author    = {Tsvi Kopelowitz and
               Seth Pettie and
               Ely Porat},
  title     = {Higher Lower Bounds from the {3SUM} Conjecture},
  booktitle = {Proc. 27th {SODA}},
  pages     = {1272--1287},
  year      = {2016}
}

@inproceedings{HonSTV10,
  author    = {Wing{-}Kai Hon and
               Rahul Shah and
               Sharma V. Thankachan and
               Jeffrey Scott Vitter},
  title     = {String Retrieval for Multi-pattern Queries},
  booktitle = {Proc. 17th {SPIRE}},
  pages     = {55--66},
  year      = {2010}
}

@inproceedings{HonSTV12,
  author    = {Wing{-}Kai Hon and
               Rahul Shah and
               Sharma V. Thankachan and
               Jeffrey Scott Vitter},
  title     = {Document Listing for Queries with Excluded Pattern},
  booktitle = {Proc. 23rd {CPM}},
  pages     = {185--195},
  year      = {2012}
}

@inproceedings{FischerGKLMSV12,
  author    = {Johannes Fischer and
               Travis Gagie and
               Tsvi Kopelowitz and
               Moshe Lewenstein and
               Veli M{\"{a}}kinen and
               Leena Salmela and
               Niko V{\"{a}}lim{\"{a}}ki},
  title     = {Forbidden Patterns},
  booktitle = {Proc. 10th {LATIN}},
  pages     = {327--337},
  year      = {2012}
}

@inproceedings{Muthukrishnan02,
  author    = {S. Muthukrishnan},
  title     = {Efficient algorithms for document retrieval problems},
  booktitle = {Proc. 13th {SODA}},
  pages     = {657--666},
  year      = {2002}
}

@inproceedings{KopelowitzK16,
  author    = {Tsvi Kopelowitz and
               Robert Krauthgamer},
  title     = {Color-Distance Oracles and Snippets},
  booktitle = {Proc. 27th {CPM}},
  pages     = {24:1--24:10},
  year      = {2016}
}

@article{GibneyT21,
  author    = {Daniel Gibney and
               Sharma V. Thankachan},
  title     = {Text Indexing for Regular Expression Matching},
  journal   = {Algorithms},
  volume    = {14},
  number    = {5},
  pages     = {133},
  year      = {2021}
}

@inproceedings{Lewenstein13,
  author    = {Moshe Lewenstein},
  title     = {Orthogonal Range Searching for Text Indexing},
  booktitle = {Space-Efficient Data Structures, Streams, and Algorithms},
  pages     = {267--302},
  year      = {2013}
}

@article{journals/talg/Chan13,
  author    = {Timothy M. Chan},
  title     = {Persistent Predecessor Search and Orthogonal Point Location on the
               Word {RAM}},
  journal   = {{ACM} Trans. Algorithms},
  volume    = {9},
  number    = {3},
  pages     = {22:1--22:22},
  year      = {2013}
}

@inproceedings{Weiner73,
  author    = {Peter Weiner},
  title     = {Linear Pattern Matching Algorithms},
  booktitle = {Proc. 14th {SWAT}},
  pages     = {1--11},
  year      = {1973}
}

@article{ManberM93,
  author    = {Udi Manber and
               Eugene W. Myers},
  title     = {Suffix Arrays: {A} New Method for On-Line String Searches},
  journal   = {{SIAM} J. Comput.},
  volume    = {22},
  number    = {5},
  pages     = {935--948},
  year      = {1993}
}

@inproceedings{focs/PoratP09,
  author    = {Benny Porat and
               Ely Porat},
  title     = {Exact and Approximate Pattern Matching in the Streaming Model},
  booktitle = {Proc. 50th {FOCS}},
  pages     = {315--323},
  year      = {2009}
}



@article{talg/BreslauerG14,
  author    = {Dany Breslauer and
               Zvi Galil},
  title     = {Real-Time Streaming String-Matching},
  journal   = {{ACM} Trans. Algorithms},
  volume    = {10},
  number    = {4},
  pages     = {22:1--22:12},
  year      = {2014}
}

@article{fine1965uniqueness,
  title={Uniqueness theorems for periodic functions},
  author={Nathan J. Fine and Herbert S. Wilf},
  journal={Proc. Am. Math. Soc.},
  volume={16},
  number={1},
  pages={109--114},
  year={1965}
}

@inproceedings{latin/GagieGKNP14,
	author    = {Travis Gagie and
	Pawel Gawrychowski and
	Juha K{\"{a}}rkk{\"{a}}inen and
	Yakov Nekrich and
	Simon J. Puglisi},
	title     = {{LZ77}-Based Self-indexing with Faster Pattern Matching},
	booktitle = {Proc. 11th {LATIN}},
	pages     = {731--742},
	year      = {2014}
}

@inproceedings{spire/ClaudeN12a,
  author    = {Francisco Claude and
               Gonzalo Navarro},
  title     = {Improved Grammar-Based Compressed Indexes},
  booktitle = {Proc. 19th {SPIRE}},
  pages     = {180--192},
  year      = {2012}}

@article{talg/ChristiansenEKN21,
  author    = {Anders Roy Christiansen and
               Mikko Berggren Ettienne and
               Tomasz Kociumaka and
               Gonzalo Navarro and
               Nicola Prezza},
  title     = {Optimal-Time Dictionary-Compressed Indexes},
  journal   = {{ACM} Trans. Algorithms},
  volume    = {17},
  number    = {1},
  pages     = {8:1--8:39},
  year      = {2021}}
  
  @inproceedings{latin/ChristiansenE18,
  author    = {Anders Roy Christiansen and
               Mikko Berggren Ettienne},
  title     = {Compressed Indexing with Signature Grammars},
  booktitle = {Proc. 13th {LATIN}},
  pages     = {331--345},
  year      = {2018}
}

@article{tit/KiefferY00,
  author    = {John C. Kieffer and
               En{-}Hui Yang},
  title     = {Grammar-based codes: {A} new class of universal lossless source codes},
  journal   = {{IEEE} Trans. Inf. Theory},
  volume    = {46},
  number    = {3},
  pages     = {737--754},
  year      = {2000}
}

@inproceedings{mfcs/NishimotoIIBT16,
  author    = {Takaaki Nishimoto and
               Tomohiro I and
               Shunsuke Inenaga and
               Hideo Bannai and
               Masayuki Takeda},
  title     = {Fully Dynamic Data Structure for {LCE} Queries in Compressed Space},
  booktitle = {Proc. 41st {MFCS}},
  volume    = {58},
  pages     = {72:1--72:15},
  year      = {2016}
}

@inproceedings{compgeom/ChanLP11,
  author    = {Timothy M. Chan and
               Kasper Green Larsen and
               Mihai Patrascu},
  title     = {Orthogonal range searching on the RAM, revisited},
  booktitle = {Proc. 27th {SoCG}},
  pages     = {1--10},
  year      = {2011}
}

@article{ipl/Willard83,
  author    = {Dan E. Willard},
  title     = {Log-Logarithmic Worst-Case Range Queries are Possible in Space {$\Theta(N)$}},
  journal   = {Inf. Process. Lett.},
  volume    = {17},
  number    = {2},
  pages     = {81--84},
  year      = {1983}
}

% Karp-Rabin Fingerprints
@article{karp1987efficient,
  title={Efficient randomized pattern-matching algorithms},
  author={Karp, Richard M and Rabin, Michael O},
  journal={IBM J. Res. Dev},
  volume={31},
  number={2},
  pages={249--260},
  year={1987}
}

@inproceedings{bille2015longest,
  title={Longest Common Extensions in Sublinear Space},
  author={Philip Bille and Inge Li G{\o}rtz and Mathias B{\ae}k Tejs Knudsen and Moshe Lewenstein  and  Hjalte Wedel Vildh{\o}j},
  booktitle={Proc. 26th CPM},
  pages={65--76},
  year={2015}
}

@inproceedings{dcc/GasieniecKPS05,
  author    = {Leszek G\k{a}sieniec and
               Roman M. Kolpakov and
               Igor Potapov and
               Paul Sant},
  title     = {Real-Time Traversal in Grammar-Based Compressed Files},
  booktitle = {Proc. 15th {DCC}},
  pages     = {458},
  year      = {2005}
}

@inproceedings{esa/BelazzouguiBPV10,
  author    = {Djamal Belazzougui and
               Paolo Boldi and
               Rasmus Pagh and
               Sebastiano Vigna},
  title     = {Fast Prefix Search in Little Space, with Applications},
  booktitle = {Proc. 18th {ESA}},
  pages     = {427--438},
  year      = {2010}
}


@inproceedings{soda/GagieNP18,
  author    = {Travis Gagie and
               Gonzalo Navarro and
               Nicola Prezza},
  title     = {Optimal-Time Text Indexing in {BWT}-runs Bounded Space},
  booktitle = {Proc. 29th {SODA}},
  pages     = {1459--1477},
  year      = {2018}
}

@inproceedings{soda/GawrychowskiKKL18,
  author    = {Pawel Gawrychowski and
               Adam Karczmarz and
               Tomasz Kociumaka and
               Jakub Lacki and
               Piotr Sankowski},
  title     = {Optimal Dynamic Strings},
  booktitle = {Proc. 29th {SODA}},
  pages     = {1509--1528},
  year      = {2018}
}

@inproceedings{cpm/BilleGPS21,
  author    = {Philip Bille and
               Inge Li G{\o}rtz and
               Max Rish{\o}j Pedersen and
               Teresa Anna Steiner},
  title     = {Gapped Indexing for Consecutive Occurrences},
  booktitle = {Proc. 32nd {CPM}},
  pages     = {10:1--10:19},
  year      = {2021}
}

@article{DBLP:journals/jcss/ClaudeNP21,
  author    = {Francisco Claude and
               Gonzalo Navarro and
               Alejandro Pacheco},
  title     = {Grammar-compressed indexes with logarithmic search time},
  journal   = {J. Comput. Syst. Sci.},
  volume    = {118},
  pages     = {53--74},
  year      = {2021}
}

@article{random_access_grammar_compress,
author = {Bille, Philip and Landau, Gad M. and Raman, Rajeev and Sadakane, Kunihiko and Satti, Srinivasa Rao and Weimann, Oren},
title = {Random Access to Grammar-Compressed Strings and Trees},
journal = {{SIAM} J. Comput.},
volume = {44},
number = {3},
pages = {513-539},
year = {2015}
}

@article{CNP2021,
author    = {Francisco Claude and
               Gonzalo Navarro and
               Alejandro Pacheco},
title = {Grammar-compressed indexes with logarithmic search time},
journal = {J. Comput. Syst. Sci.},
volume = {118},
pages = {53-74},
year = {2021},
}

@InProceedings{spire/DNP2021,
author="D{\'i}az-Dom{\'i}nguez, Diego
and Navarro, Gonzalo
and Pacheco, Alejandro",
title="An {LMS}-Based Grammar Self-index with Local Consistency Properties",
booktitle="Proc. 28th {SPIRE}",
year="2021"
}

@article{survey/indexingNavarroI,
author = {Navarro, Gonzalo},
title = {Indexing Highly Repetitive String Collections, Part I: Repetitiveness Measures},
  journal   = {{ACM} Comput. Surv.},
year = {2021},
volume = {54},
number = {2},
pages     = {29:1--29:31},
}

@article{survey/indexingNavarroII,
 author    = {Gonzalo Navarro},
  title     = {Indexing Highly Repetitive String Collections, Part {II:} Compressed
               Indexes},
  journal   = {{ACM} Comput. Surv.},
  volume    = {54},
  number    = {2},
  pages     = {26:1--26:32},
  year      = {2021}
}


@book{book/CormenIntroAlgo,
author = {Cormen, Thomas H. and Leiserson, Charles E. and Rivest, Ronald L. and Stein, Clifford},
title = {Introduction to Algorithms, Third Edition},
year = {2009},
isbn = {0262033844},
publisher = {The MIT Press},
edition = {3rd},
}
