% Encoding: UTF-8
@article{muir2016real,
  title={The real cost of sequencing: scaling computation to keep pace with data generation},
  author={Muir, Paul and Li, Shantao and Lou, Shaoke and Wang, Daifeng and Spakowicz, Daniel J and Salichos, Leonidas and Zhang, Jing and Weinstock, George M and Isaacs, Farren and Rozowsky, Joel and others},
  journal={Genome biology},
  volume={17},
  number={1},
  pages={1--9},
  year={2016},
  publisher={BioMed Central}
}

@inproceedings{levenshtein1966binary,
  title={Binary codes capable of correcting deletions, insertions, and reversals},
  author={Levenshtein, Vladimir I and others},
  booktitle={Soviet physics doklady},
  volume={10},
  number={8},
  pages={707--710},
  year={1966},
  organization={Soviet Union}
}

@inproceedings{lukashenko2007computer,
  title={Computer-based plagiarism detection methods and tools: an overview},
  author={Lukashenko, Romans and Graudina, Vita and Grundspenkis, Janis},
  booktitle={Proceedings of the 2007 international conference on Computer systems and technologies},
  pages={1--6},
  year={2007}
}

@Book{Charras2004,
  title     = {Handbook of exact string matching algorithms},
  publisher = {King's College},
  year      = {2004},
  author    = {Charras, Christian and Lecroq, Thierry},
}

@Article{Mongeau1990,
  author    = {Mongeau, Marcel and Sankoff, David},
  title     = {Comparison of musical sequences},
  journal   = {Computers and the Humanities},
  year      = {1990},
  volume    = {24},
  pages     = {161--175},
  publisher = {Springer},
}

@article{landau1986efficient,
  title={Efficient string matching with k mismatches},
  author={Landau, Gad M and Vishkin, Uzi},
  journal={Theoretical Computer Science},
  volume={43},
  pages={239--249},
  year={1986},
  publisher={Elsevier}
}

@article{landau1989fast,
  title={Fast parallel and serial approximate string matching},
  author={Landau, Gad M and Vishkin, Uzi},
  journal={Journal of algorithms},
  volume={10},
  number={2},
  pages={157--169},
  year={1989},
  publisher={Elsevier}
}

@article{eres2004permutation,
  title={Permutation pattern discovery in biosequences},
  author={Eres, Revital and Landau, Gad M and Parida, Laxmi},
  journal={Journal of Computational Biology},
  volume={11},
  number={6},
  pages={1050--1060},
  year={2004},
  publisher={Mary Ann Liebert, Inc. 2 Madison Avenue Larchmont, NY 10538 USA}
}

@phdthesis{ejaz2010abelian,
  title={Abelian pattern matching in strings.},
  author={Ejaz, Tahir},
  year={2010},
  school={Dortmund University of Technology}
}

@inproceedings{baker1993theory,
  title={A theory of parameterized pattern matching: algorithms and applications},
  author={Baker, Brenda S},
  booktitle={Proceedings of the twenty-fifth annual ACM symposium on Theory of computing},
  pages={71--80},
  year={1993}
}

@article{abrahamson1987generalized,
  title={Generalized string matching},
  author={Abrahamson, Karl},
  journal={SIAM journal on Computing},
  volume={16},
  number={6},
  pages={1039--1051},
  year={1987},
  publisher={SIAM}
}

@article{iliopoulos2021efficient,
  title={Efficient pattern matching in elastic-degenerate strings},
  author={Iliopoulos, Costas S and Kundu, Ritu and Pissis, Solon P},
  journal={Information and Computation},
  volume={279},
  pages={104616},
  year={2021},
  publisher={Elsevier}
}

@article{comm1970iupac,
  title={IUPAC-IUB Commission on Biochemical Nomenclature. Abbreviations and symbols for the description of the conformation of polypeptide chains. Tentative rules (1969)},
  author={Comm, IUPAC-IUB},
  journal={Biochemistry},
  volume={9},
  number={18},
  pages={3471--3479},
  year={1970},
  publisher={ACS Publications}
}

@article{kim2014order,
  title={Order-preserving matching},
  author={Kim, Jinil and Eades, Peter and Fleischer, Rudolf and Hong, Seok-Hee and Iliopoulos, Costas S and Park, Kunsoo and Puglisi, Simon J and Tokuyama, Takeshi},
  journal={Theoretical Computer Science},
  volume={525},
  pages={68--79},
  year={2014},
  publisher={Elsevier}
}

@article{kubica2013linear,
  title={A linear time algorithm for consecutive permutation pattern matching},
  author={Kubica, Marcin and Kulczy{\'n}ski, Tomasz and Radoszewski, Jakub and Rytter, Wojciech and Wale{\'n}, Tomasz},
  journal={Information Processing Letters},
  volume={113},
  number={12},
  pages={430--433},
  year={2013},
  publisher={Elsevier}
}

@article{burkhardt2003better,
  title={Better filtering with gapped q-grams},
  author={Burkhardt, Stefan and K{\"a}rkk{\"a}inen, Juha},
  journal={Fundamenta informaticae},
  volume={56},
  number={1-2},
  pages={51--70},
  year={2003},
  publisher={IOS Press}
}

@article{bille2022gapped,
  title={Gapped indexing for consecutive occurrences},
  author={Bille, Philip and G{\o}rtz, Inge Li and Pedersen, Max Rish{\o}j and Steiner, Teresa Anna},
  journal={Algorithmica},
  pages={1--23},
  year={2022},
  publisher={Springer}
}

@book{navarro2016compact,
  title={Compact data structures: A practical approach},
  author={Navarro, Gonzalo},
  year={2016},
  publisher={Cambridge University Press}
}

@PhdThesis{DBLP:phd/hal/Pietri21,
  author = {Antoine Pietri},
  title  = {Organizing the graph of public software development for large-scale mining. (Organisation du graphe de d{\'{e}}veloppement logiciel pour l'analyse {\`{a}} grande {\'{e}}chelle)},
  school = {University of Paris, France},
  year   = {2021},
  url    = {https://tel.archives-ouvertes.fr/tel-03515795},
}

@book{thue1912gegenseitige,
  title={{\"U}ber die gegenseitige Lage gleicher Teile gewisser Zeichenreihen},
  author={Thue, Axel},
  number={1},
  year={1912},
  publisher={Jacob Dybwad}
}

@inproceedings{de1959file,
  title={File searching using variable length keys},
  author={De La Briandais, Rene},
  booktitle={Papers presented at the March 3-5, 1959, western joint computer conference},
  pages={295--298},
  year={1959}
}

@article{fredkin1960trie,
  title={Trie memory},
  author={Fredkin, Edward},
  journal={Communications of the ACM},
  volume={3},
  number={9},
  pages={490--499},
  year={1960},
  publisher={ACM New York, NY, USA}
}

@Article{morrison1968patricia,
  author    = {Morrison, Donald R},
  title     = {PATRICIA--practical algorithm to retrieve information coded in alphanumeric},
  journal   = {Journal of the ACM (JACM)},
  year      = {1968},
  volume    = {15},
  number    = {4},
  pages     = {514--534},
  publisher = {ACM New York, NY, USA},
}

@InProceedings{belazzougui2010dynamic,
  author       = {Belazzougui, Djamal and Boldi, Paolo and Vigna, Sebastiano},
  title        = {Dynamic z-fast tries},
  booktitle    = {String Processing and Information Retrieval: 17\textsuperscript{th} International Symposium, SPIRE 2010, Los Cabos, Mexico, October 11-13, 2010. Proceedings 17},
  year         = {2010},
  pages        = {159--172},
  organization = {Springer},
}

@Article{gawrychowski2019streaming,
  author    = {Gawrychowski, Pawe{\l} and Starikovskaya, Tatiana},
  title     = {Streaming dictionary matching with mismatches},
  journal   = {Algorithmica},
  year      = {2019},
  pages     = {1--21},
  doi       = {10.1007/s00453-021-00876-x},
  publisher = {Springer},
}

@InProceedings{vii2014if,
  author    = {VII, Tom Murphy},
  title     = {What, if anything, is epsilon?},
  booktitle = {Conference in Celebration of Harry Q. Bovik's 26\textsuperscript{th} Birthday},
  year      = {2014},
}

@article{GOURDEL2020104463,
  title={String periods in the order-preserving model},
  author={Gourdel, Garance and Kociumaka, Tomasz and Radoszewski, Jakub and Rytter, Wojciech and Shur, Arseny and Wale{\'n}, Tomasz},
  journal={Information and Computation},
  volume={270},
  pages={104463},
  year={2020},
  publisher={Elsevier},
  doi      = {10.1016/j.ic.2019.104463},
  keywords = {myPapers},
}

@InProceedings{gourdel_et_al:LIPIcs:2018:8506,
  author    = {Garance Gourdel and Tomasz Kociumaka and Jakub Radoszewski and Wojciech Rytter and Arseny Shur and Tomasz Walen},
  title     = {{String Periods in the Order-Preserving Model}},
  booktitle = {35\textsuperscript{th} Symposium on Theoretical Aspects of Computer Science (STACS 2018)},
  year      = {2018},
  editor    = {Rolf Niedermeier and Brigitte Vall{\'e}e},
  volume    = {96},
  series    = {Leibniz International Proceedings in Informatics (LIPIcs)},
  pages     = {38:1--38:16},
  publisher = {Schloss Dagstuhl--Leibniz-Zentrum fuer Informatik},
  doi       = {10.4230/LIPIcs.STACS.2018.38},
  isbn      = {978-3-95977-062-0},
  issn      = {1868-8969},
  keywords  = {myPapers},
}

@InProceedings{DBLP:conf/cpm/GourdelKRS20,
  author    = {Garance Gourdel and Tomasz Kociumaka and Jakub Radoszewski and Tatiana Starikovskaya},
  title     = {Approximating Longest Common Substring with k mismatches: Theory and Practice},
  booktitle = {31\textsuperscript{st} Annual Symposium on Combinatorial Pattern Matching ({CPM} 2020), June 17-19, 2020, Copenhagen, Denmark},
  year      = {2020},
  editor    = {Inge Li G{\o}rtz and Oren Weimann},
  volume    = {161},
  series    = {LIPIcs},
  pages     = {16:1--16:15},
  publisher = {Schloss Dagstuhl - Leibniz-Zentrum f{\"{u}}r Informatik},
  doi       = {10.4230/LIPIcs.CPM.2020.16},
  keywords  = {myPapers},
}

@InProceedings{9338348,
  author    = {Bernardini, Giulia and Conte, Alessio and Gourdel, Garance and Grossi, Roberto and Loukides, Grigorios and Pisanti, Nadia and Pissis, Solon P. and Punzi, Giulia and Stougie, Leen and Sweering, Michelle},
  title     = {Hide and Mine in Strings: Hardness and Algorithms},
  booktitle = {2020 IEEE International Conference on Data Mining (ICDM 2020)},
  year      = {2020},
  pages     = {924--929},
  doi       = {10.1109/ICDM50108.2020.00103},
  keywords  = {myPapers},
}

@Article{9732522,
  author   = {Bernardini, Giulia and Conte, Alessio and Gourdel, Garance and Grossi, Roberto and Loukides, Grigorios and Pisanti, Nadia and Pissis, Solon P. and Punzi, Giulia and Stougie, Leen and Sweering, Michelle},
  title    = {Hide and Mine in Strings: Hardness, Algorithms, and Experiments},
  journal  = {IEEE Transactions on Knowledge and Data Engineering},
  year     = {2023},
  volume   = {35},
  number   = {6},
  pages    = {5948--5963},
  doi      = {10.1109/TKDE.2022.3158063},
  keywords = {myPapers},
}

@InProceedings{DBLP:conf/wabi/GagieGM21,
  author    = {Travis Gagie and Garance Gourdel and Giovanni Manzini},
  title     = {Compressing and Indexing Aligned Readsets},
  booktitle = {21\textsuperscript{st} International Workshop on Algorithms in Bioinformatics, ({WABI} 2021), August 2-4, 2021, Virtual Conference},
  year      = {2021},
  editor    = {Alessandra Carbone and Mohammed El{-}Kebir},
  volume    = {201},
  series    = {LIPIcs},
  pages     = {13:1--13:21},
  publisher = {Schloss Dagstuhl - Leibniz-Zentrum f{\"{u}}r Informatik},
  doi       = {10.4230/LIPIcs.WABI.2021.13},
  keywords  = {myPapers},
}

@InProceedings{DBLP:conf/soda/DudekGGS22,
  author    = {Bartlomiej Dudek and Pawel Gawrychowski and Garance Gourdel and Tatiana Starikovskaya},
  title     = {Streaming Regular Expression Membership and Pattern Matching},
  booktitle = {Proceedings of the 2022 {ACM-SIAM} Symposium on Discrete Algorithms ({SODA} 2022), Virtual Conference / Alexandria, VA, USA, January 9 - 12, 2022},
  year      = {2022},
  editor    = {Joseph (Seffi) Naor and Niv Buchbinder},
  pages     = {670--694},
  publisher = {{SIAM}},
  doi       = {10.1137/1.9781611977073.30},
  keywords  = {myPapers},
}

@InProceedings{DBLP:conf/spire/GourdelDPS22,
  author    = {Garance Gourdel and Anne Driemel and Pierre Peterlongo and Tatiana Starikovskaya},
  title     = {Pattern Matching Under {DTW} Distance},
  booktitle = {String Processing and Information Retrieval - 29\textsuperscript{th} International Symposium, {SPIRE} 2022, Concepci{\'{o}}n, Chile, November 8-10, 2022, Proceedings},
  year      = {2022},
  editor    = {Diego Arroyuelo and Barbara Poblete},
  volume    = {13617},
  series    = {Lecture Notes in Computer Science},
  pages     = {315--330},
  publisher = {Springer},
  doi       = {10.1007/978-3-031-20643-6_23},
  keywords  = {myPapers},
}

@InProceedings{DBLP:conf/soda/EllertGG23,
  author    = {Jonas Ellert and Pawel Gawrychowski and Garance Gourdel},
  title     = {Optimal Square Detection Over General Alphabets},
  booktitle = {Proceedings of the 2023 {ACM-SIAM} Symposium on Discrete Algorithms ({SODA} 2023)},
  year      = {2023},
  editor    = {Nikhil Bansal and Viswanath Nagarajan},
  pages     = {5220--5242},
  publisher = {{SIAM}},
  doi       = {10.1137/1.9781611977554.ch189},
  keywords  = {myPapers},
}

@InProceedings{DBLP:conf/cpm/GawrychowskiGSS23,
  author    = {Pawel Gawrychowski and Garance Gourdel and Tatiana Starikovskaya and Teresa Anna Steiner},
  title     = {Compressed Indexing for Consecutive Occurrences},
  booktitle = {34th Annual Symposium on Combinatorial Pattern Matching ({CPM} 2023), June 26-28, 2023, Marne-la-Vall{\'{e}}e, France},
  year      = {2023},
  editor    = {Laurent Bulteau and Zsuzsanna Lipt{\'{a}}k},
  volume    = {259},
  series    = {LIPIcs},
  pages     = {12:1--12:22},
  publisher = {Schloss Dagstuhl - Leibniz-Zentrum f{\"{u}}r Informatik},
  doi       = {10.4230/LIPIcs.CPM.2023.12},
  keywords  = {myPapers},
}

@article{loose2016real,
  title={Real-time selective sequencing using nanopore technology},
  author={Loose, Matthew and Malla, Sunir and Stout, Michael},
  journal={Nature methods},
  volume={13},
  number={9},
  pages={751--754},
  year={2016},
  publisher={Nature Publishing Group US New York}
}

@article{han2018accurate,
  title={An accurate and rapid continuous wavelet dynamic time warping algorithm for end-to-end mapping in ultra-long nanopore sequencing},
  author={Han, Renmin and Li, Yu and Gao, Xin and Wang, Sheng},
  journal={Bioinformatics},
  volume={34},
  number={17},
  pages={i722--i731},
  year={2018},
  publisher={Oxford University Press}
}

@inproceedings{zou2010cluster,
  title={A cluster-based plagiarism detection method},
  author={Zou, Du and Long, WJ and Ling, Zhang},
  booktitle={Notebook Papers of CLEF 2010 LABs and Workshops, 22-23 September},
  year={2010}
}

@inproceedings{bocker2003sequencing,
  title={Sequencing from compomers: Using mass spectrometry for DNA de-novo sequencing of 200+ nt},
  author={B{\"o}cker, Sebastian},
  booktitle={Algorithms in Bioinformatics: Third International Workshop, WABI 2003, Budapest, Hungary, September 15-20, 2003. Proceedings 3},
  pages={476--497},
  year={2003},
  organization={Springer}
}

@misc{wikimedia,
  howpublished = "\url{https://web.archive.org/web/20230228010327/https://dumps.wikimedia.org/enwiki/20221201/}"
}

@misc{swh-site,
  howpublished = "\url{https://www.softwareheritage.org/}"
}

@misc{swh-polytechnique,
  howpublished = "\url{https://www.polytechnique-insights.com/en/columns/economy/source-code-building-a-universal-software-archive/}"
}

@misc{web-archive,
  howpublished = "\url{https://web.archive.org/}"
}

@misc{web-archive-growth,
  howpublished = "\url{https://web.archive.org/web/20211130235813/http://archive.org/}"
}

@misc{ena,
  howpublished = "\url{https://www.ebi.ac.uk/ena/browser/about/statistics}"
}
@misc{sra,
  howpublished = "\url{https://www.ncbi.nlm.nih.gov/sra/docs/sragrowth/}"
}

@InProceedings{alzamel_et_al:LIPIcs:2018:9323,
  author    = {Mai Alzamel and Lorraine A. K. Ayad and Giulia Bernardini and Roberto Grossi and Costas S. Iliopoulos and Nadia Pisanti and Solon P. Pissis and Giovanna Rosone},
  title     = {{Degenerate String Comparison and Applications}},
  booktitle = {18\textsuperscript{th} International Workshop on Algorithms in Bioinformatics (WABI 2018)},
  year      = {2018},
  editor    = {Laxmi Parida and Esko Ukkonen},
  volume    = {113},
  series    = {Leibniz International Proceedings in Informatics (LIPIcs)},
  pages     = {21:1--21:14},
  publisher = {Schloss Dagstuhl--Leibniz-Zentrum fuer Informatik},
  doi       = {10.4230/LIPIcs.WABI.2018.21},
  isbn      = {978-3-95977-082-8},
  issn      = {1868-8969},
}

@article{thompson1994clustal,
  title={CLUSTAL W: improving the sensitivity of progressive multiple sequence alignment through sequence weighting, position-specific gap penalties and weight matrix choice},
  author={Thompson, Julie D and Higgins, Desmond G and Gibson, Toby J},
  journal={Nucleic acids research},
  volume={22},
  number={22},
  pages={4673--4680},
  year={1994},
  publisher={Oxford university press}
}

@article{10002015global,
  title={A global reference for human genetic variation},
  author={1000 Genomes Project Consortium and others},
  journal={Nature},
  volume={526},
  number={7571},
  pages={68},
  year={2015},
  publisher={Nature Publishing Group}
}

@misc{100Kgenomes,
  howpublished = "\url{https://www.genomicsengland.co.uk/initiatives/100000-genomes-project}"
}

@InProceedings{kopelowitz2016color,
  author       = {Kopelowitz, Tsvi and Krauthgamer, Robert},
  title        = {Color-distance oracles and snippets},
  booktitle    = {27\textsuperscript{th} Annual Symposium on Combinatorial Pattern Matching (CPM 2016)},
  year         = {2016},
  organization = {Schloss Dagstuhl-Leibniz-Zentrum fuer Informatik},
}

@InProceedings{cohen2009range,
  author       = {Cohen, Hagai and Porat, Ely},
  title        = {Range non-overlapping indexing},
  booktitle    = {Algorithms and Computation: 20\textsuperscript{th} International Symposium, ISAAC 2009, Honolulu, Hawaii, USA, December 16-18, 2009. Proceedings 20},
  year         = {2009},
  pages        = {1044--1053},
  organization = {Springer},
}

@Article{NAVARRO2016108,
  author  = {Gonzalo Navarro and Sharma V. Thankachan},
  title   = {Reporting consecutive substring occurrences under bounded gap constraints},
  journal = {Theoretical Computer Science},
  year    = {2016},
  volume  = {638},
  pages   = {108--111},
  issn    = {0304-3975},
  note    = {Pattern Matching, Text Data Structures and Compression},
  doi     = {10.1016/j.tcs.2016.02.005},
}

@article{ma2002patternhunter,
  title={PatternHunter: faster and more sensitive homology search},
  author={Ma, Bin and Tromp, John and Li, Ming},
  journal={Bioinformatics},
  volume={18},
  number={3},
  pages={440--445},
  year={2002},
  publisher={Oxford University Press}
}


@article{li2004patternhunter,
  title={PatternHunter II: Highly sensitive and fast homology search},
  author={Li, Ming and Ma, Bin and Kisman, Derek and Tromp, John},
  journal={Journal of bioinformatics and computational biology},
  volume={2},
  number={03},
  pages={417--439},
  year={2004},
  publisher={World Scientific}
}

@article{david2011shrimp2,
  title={SHRiMP2: sensitive yet practical short read mapping},
  author={David, Matei and Dzamba, Misko and Lister, Dan and Ilie, Lucian and Brudno, Michael},
  journal={Bioinformatics},
  volume={27},
  number={7},
  pages={1011--1012},
  year={2011},
  publisher={Oxford University Press}
}

@article{birol2015spaced,
  title={Spaced seed data structures for de novo assembly},
  author={Birol, Inan{\c{c}} and Chu, Justin and Mohamadi, Hamid and Jackman, Shaun D and Raghavan, Karthika and Vandervalk, Benjamin P and Raymond, Anthony and Warren, Ren{\'e} L},
  journal={International journal of genomics},
  volume={2015},
  year={2015},
  publisher={Hindawi}
}

@article{bvrinda2015spaced,
  title={Spaced seeds improve k-mer-based metagenomic classification},
  author={B{\v{r}}inda, Karel and Sykulski, Maciej and Kucherov, Gregory},
  journal={Bioinformatics},
  volume={31},
  number={22},
  pages={3584--3592},
  year={2015},
  publisher={Oxford University Press}
}


@article{hulo2006prosite,
  title={The PROSITE database},
  author={Hulo, Nicolas and Bairoch, Amos and Bulliard, Virginie and Cerutti, Lorenzo and De Castro, Edouard and Langendijk-Genevaux, Petra S and Pagni, Marco and Sigrist, Christian JA},
  journal={Nucleic acids research},
  volume={34},
  number={suppl\_1},
  pages={D227--D230},
  year={2006},
  publisher={Oxford University Press}
}

@InProceedings{lewenstein2011indexing,
  author       = {Lewenstein, Moshe},
  title        = {Indexing with gaps},
  booktitle    = {String Processing and Information Retrieval: 18\textsuperscript{th} International Symposium, SPIRE 2011, Pisa, Italy, October 17-21, 2011. Proceedings 18},
  year         = {2011},
  pages        = {135--143},
  organization = {Springer},
}

@article{bille2012string,
  title={String matching with variable length gaps},
  author={Bille, Philip and G{\o}rtz, Inge Li and Vildh{\o}j, Hjalte Wedel and Wind, David Kofoed},
  journal={Theoretical Computer Science},
  volume={443},
  pages={25--34},
  year={2012},
  publisher={Elsevier}
}

@article{bille2014string,
  title={String indexing for patterns with wildcards},
  author={Bille, Philip and G{\o}rtz, Inge Li and Vildh{\o}j, Hjalte Wedel and Vind, S{\o}ren},
  journal={Theory of Computing Systems},
  volume={55},
  pages={41--60},
  year={2014},
  publisher={Springer}
}

@inproceedings{peterlongo2006gapped,
  title={The gapped-factor tree},
  author={Peterlongo, Pierre and Allali, Julien and Sagot, Marie-France},
  booktitle={Prague Stringology Conference 2006},
  pages={182--196},
  year={2006}
}

@article{iliopoulos2009indexing,
  title={Indexing factors with gaps},
  author={Iliopoulos, Costas S and Rahman, M Sohel},
  journal={Algorithmica},
  volume={55},
  number={1},
  pages={60--70},
  year={2009},
  publisher={Springer}
}

@inproceedings{muthukrishnan2002efficient,
  title={Efficient algorithms for document retrieval problems.},
  author={Muthukrishnan, Shanmugavelayutham},
  booktitle={SODA},
  volume={2},
  pages={657--666},
  year={2002},
  organization={Citeseer}
}

@InProceedings{keller2007range,
  author       = {Keller, Orgad and Kopelowitz, Tsvi and Lewenstein, Moshe},
  title        = {Range non-overlapping indexing and successive list indexing},
  booktitle    = {Algorithms and Data Structures: 10\textsuperscript{th} International Workshop, WADS 2007, Halifax, Canada, August 15-17, 2007. Proceedings 10},
  year         = {2007},
  pages        = {625--636},
  organization = {Springer},
}

@InProceedings{brodal1999finding,
  author       = {Brodal, Gerth St{\o}lting and Lyngs{\o}, Rune B and Pedersen, Christian NS and Stoye, Jens},
  title        = {Finding maximal pairs with bounded gap},
  booktitle    = {Combinatorial Pattern Matching: 10\textsuperscript{th} Annual Symposium, CPM 99 Warwick University, UK, July 22--24, 1999 Proceedings 10},
  year         = {1999},
  pages        = {134--149},
  organization = {Springer},
}

@Article{doi:10.1073/pnas.84.13.4355,
  author  = {Gribskov, Michael and McLachlan, Andrew D and Eisenberg, David},
  title   = {Profile analysis: detection of distantly related proteins.},
  journal = {Proceedings of the National Academy of Sciences},
  year    = {1987},
  volume  = {84},
  number  = {13},
  pages   = {4355--4358},
  doi     = {10.1073/pnas.84.13.4355},
}

@inproceedings{ganesh2022compression,
  title={How compression and approximation affect efficiency in string distance measures},
  author={Ganesh, Arun and Kociumaka, Tomasz and Lincoln, Andrea and Saha, Barna},
  booktitle={Proceedings of the 2022 Annual ACM-SIAM Symposium on Discrete Algorithms (SODA)},
  pages={2867--2919},
  year={2022},
  organization={SIAM}
}

@InProceedings{brakensiek2020constant,
  author    = {Brakensiek, Joshua and Rubinstein, Aviad},
  title     = {Constant-factor approximation of near-linear edit distance in near-linear time},
  booktitle = {Proceedings of the 52\textsuperscript{nd} Annual ACM SIGACT Symposium on Theory of Computing},
  year      = {2020},
  pages     = {685--698},
}

@InProceedings{koucky2020constant,
  author    = {Kouck{\`y}, Michal and Saks, Michael},
  title     = {Constant factor approximations to edit distance on far input pairs in nearly linear time},
  booktitle = {Proceedings of the 52\textsuperscript{nd} Annual ACM SIGACT Symposium on Theory of Computing},
  year      = {2020},
  pages     = {699--712},
}

@InProceedings{andoni2020edit,
  author       = {Andoni, Alexandr and Nosatzki, Negev Shekel},
  title        = {Edit distance in near-linear time: It's a constant factor},
  booktitle    = {2020 IEEE 61\textsuperscript{st} Annual Symposium on Foundations of Computer Science (FOCS)},
  year         = {2020},
  pages        = {990--1001},
  organization = {IEEE},
}

@Article{andoni2020simple,
  author  = {Andoni, Alexandr},
  title   = {Simple Constant-Factor Approximation to Edit Distance},
  journal = {CoRR},
  year    = {2020},
}

@article{boneh2023near,
  title={Near-Optimal Dynamic Time Warping on Run-Length Encoded Strings},
  author={Boneh, Itai and Golan, Shay and Mozes, Shay and Weimann, Oren},
  journal={arXiv preprint arXiv:2302.06252},
  year={2023}
}

@Article{clifford2019rle,
  author  = {Clifford, Rapha{\"e}l and Gawrychowski, Pawe{\l} and Kociumaka, Tomasz and Martin, Daniel P and Uzna{\'n}ski, Przemys{\l}aw},
  title   = {RLE edit distance in near optimal time},
  journal = {arXiv preprint},
  year    = {2019},
  eprint  = {arXiv:1905.01254},
}

@InProceedings{cenzato_et_al_BWT_Collections,
  author    = {Cenzato, Davide and Lipt\'{a}k, Zsuzsanna},
  title     = {{A Theoretical and Experimental Analysis of BWT Variants for String Collections}},
  booktitle = {33\textsuperscript{rd} Annual Symposium on Combinatorial Pattern Matching (CPM 2022)},
  year      = {2022},
  editor    = {Bannai, Hideo and Holub, Jan},
  volume    = {223},
  series    = {Leibniz International Proceedings in Informatics (LIPIcs)},
  pages     = {25:1--25:18},
  publisher = {Schloss Dagstuhl -- Leibniz-Zentrum f{\"u}r Informatik},
  doi       = {10.4230/LIPIcs.CPM.2022.25},
  isbn      = {978-3-95977-234-1},
  issn      = {1868-8969},
}

@article{bentley2019complexity,
  title={On the complexity of BWT-runs minimization via alphabet reordering},
  author={Bentley, Jason and Gibney, Daniel and Thankachan, Sharma V},
  journal={arXiv preprint arXiv:1911.03035},
  year={2019}
}

@inproceedings{cenzato2023computing,
  title={Computing the optimal BWT of very large string collections},
  author={Cenzato, Davide and Guerrini, Veronica and Lipt{\'a}k, Zsuzsanna and Rosone, Giovanna},
  booktitle={2023 Data Compression Conference (DCC)},
  pages={71--80},
  year={2023},
  organization={IEEE}
}

@Article{GYMREK20179,
  author  = {Melissa Gymrek},
  title   = {A genomic view of short tandem repeats},
  journal = {Current Opinion in Genetics and Development},
  year    = {2017},
  volume  = {44},
  pages   = {9--16},
  issn    = {0959-437X},
  note    = {Molecular and genetic bases of disease},
  doi     = {10.1016/j.gde.2017.01.012},
}

@article{faro2013exact,
  title={The exact online string matching problem: A review of the most recent results},
  author={Faro, Simone and Lecroq, Thierry},
  journal={ACM Computing Surveys (CSUR)},
  volume={45},
  number={2},
  pages={1--42},
  year={2013},
  publisher={ACM New York, NY, USA}
}

@Article{DBLP:journals/corr/abs-1012-2547,
  author     = {Simone Faro and Thierry Lecroq},
  title      = {The Exact String Matching Problem: a Comprehensive Experimental Evaluation},
  journal    = {CoRR},
  year       = {2010},
  volume     = {abs/1012.2547},
  eprint     = {1012.2547},
  eprinttype = {arXiv},
}


@Article{svetec2021palindromes,
  author    = {Svetec Mikleni{\'c}, Marina and Svetec, Ivan Kre{\v{s}}imir},
  title     = {Palindromes in DNA -- a risk for genome stability and implications in cancer},
  journal   = {International Journal of Molecular Sciences},
  year      = {2021},
  volume    = {22},
  number    = {6},
  pages     = {2840},
  publisher = {MDPI},
}

@misc{tablecannon,
  howpublished = "\url{https://en.wikipedia.org/wiki/Table_canon}"
  }

@misc{crabcannon,
  howpublished = "\url{https://en.wikipedia.org/wiki/Crab_canon}"
  }

@article{iliopoulos1996covering,
  title={Covering a string},
  author={Iliopoulos, Costas S and Moore, Dennis WG and Park, Kunsoo},
  journal={Algorithmica},
  volume={16},
  number={3},
  pages={288--297},
  year={1996},
  publisher={Springer}
}

@Article{AMIR20174,
  author  = {Amihood Amir and Alberto Apostolico and Travis Gagie and Gad M. Landau},
  title   = {String cadences},
  journal = {Theoretical Computer Science},
  year    = {2017},
  volume  = {698},
  pages   = {4--8},
  issn    = {0304-3975},
  note    = {Algorithms, Strings and Theoretical Approaches in the Big Data Era (In Honor of the 60\textsuperscript{th} Birthday of Professor Raffaele Giancarlo)},
  doi     = {10.1016/j.tcs.2017.04.019},
}

@Article{SIM2001557,
  author  = {Jeong Seop Sim and Costas S. Iliopoulos and Kunsoo Park and W.F. Smyth},
  title   = {Approximate periods of strings},
  journal = {Theoretical Computer Science},
  year    = {2001},
  volume  = {262},
  number  = {1},
  pages   = {557--568},
  issn    = {0304-3975},
  doi     = {10.1016/S0304-3975(00)00365-0},
}

@Article{AMIR2015215,
  author  = {Amihood Amir and Estrella Eisenberg and A. Levy},
  title   = {Approximate periodicity},
  journal = {Information and Computation},
  year    = {2015},
  volume  = {241},
  pages   = {215--226},
  issn    = {0890-5401},
  doi     = {10.1016/j.ic.2015.02.004},
}

@InProceedings{AmirICALP2010,
  author    = {Amir, Amihood and Eisenberg, Estrella and Levy, Avivit and Porat, Ely and Shapira, Natalie},
  title     = {Cycle Detection and Correction},
  booktitle = {Automata, Languages and Programming},
  year      = {2010},
  editor    = {Abramsky, Samson and Gavoille, Cyril and Kirchner, Claude and Meyer auf der Heide, Friedhelm and Spirakis, Paul G.},
  pages     = {43--54},
  publisher = {Springer Berlin Heidelberg},
  isbn      = {978-3-642-14165-2},
}

@InProceedings{KociumakaRADO2018,
  author    = {Kociumaka, Tomasz and Radoszewski, Jakub and Rytter, Wojciech and Straszy{\'{n}}ski, Juliusz and Wale{\'{n}}, Tomasz and Zuba, Wiktor},
  title     = {Faster Recovery of Approximate Periods over Edit Distance},
  booktitle = {String Processing and Information Retrieval},
  year      = {2018},
  editor    = {Gagie, Travis and Moffat, Alistair and Navarro, Gonzalo and Cuadros-Vargas, Ernesto},
  pages     = {233--240},
  publisher = {Springer International Publishing},
  isbn      = {978-3-030-00479-8},
}

@Article{AMIR20182,
  author  = {Amihood Amir and Mika Amit and Gad M. Landau and Dina Sokol},
  title   = {Period recovery of strings over the Hamming and edit distances},
  journal = {Theoretical Computer Science},
  year    = {2018},
  volume  = {710},
  pages   = {2--18},
  issn    = {0304-3975},
  doi     = {10.1016/j.tcs.2017.10.026},
}

@Article{AMIR201460,
  author  = {Amihood Amir and Alberto Apostolico and Estrella Eisenberg and Gad M. Landau and Avivit Levy and Noa Lewenstein},
  title   = {Detecting approximate periodic patterns},
  journal = {Theoretical Computer Science},
  year    = {2014},
  volume  = {525},
  pages   = {60--67},
  issn    = {0304-3975},
  note    = {Advances in Stringology},
  doi     = {10.1016/j.tcs.2013.05.001},
}

@InProceedings{Gfeller2011,
  author    = {Gfeller, Beat},
  title     = {Finding Longest Approximate Periodic Patterns},
  booktitle = {Algorithms and Data Structures},
  year      = {2011},
  editor    = {Dehne, Frank and Iacono, John and Sack, J{\"o}rg-R{\"u}diger},
  pages     = {463--474},
  publisher = {Springer Berlin Heidelberg},
}

@Article{GAWRYCHOWSKI2020174,
  author  = {Pawel Gawrychowski and Tomasz Kociumaka and Jakub Radoszewski and Wojciech Rytter and Tomasz Walen},
  title   = {Universal reconstruction of a string},
  journal = {Theoretical Computer Science},
  year    = {2020},
  volume  = {812},
  pages   = {174--186},
  issn    = {0304-3975},
  note    = {In memoriam Danny Breslauer (1968-2017)},
  doi     = {10.1016/j.tcs.2019.10.027},
}

@article{arom1989time,
  title={Time structure in the music of Central Africa: Periodicity, meter, rhythm and polyrhythmics},
  author={Arom, Simha},
  journal={Leonardo},
  volume={22},
  number={1},
  pages={91--99},
  year={1989},
  publisher={The MIT Press}
}

@article{pich2018somatic,
  title={Somatic and germline mutation periodicity follow the orientation of the DNA minor groove around nucleosomes},
  author={Pich, Oriol and Mui{\~n}os, Ferran and Sabarinathan, Radhakrishnan and Reyes-Salazar, Iker and Gonzalez-Perez, Abel and Lopez-Bigas, Nuria},
  journal={Cell},
  volume={175},
  number={4},
  pages={1074--1087},
  year={2018},
  publisher={Elsevier}
}

@article{harvey2007trends,
  title={Trends and cycles in economic time series: A Bayesian approach},
  author={Harvey, Andrew C and Trimbur, Thomas M and Van Dijk, Herman K},
  journal={Journal of Econometrics},
  volume={140},
  number={2},
  pages={618--649},
  year={2007},
  publisher={Elsevier}
}

@article{navarro2001guided,
  title={A guided tour to approximate string matching},
  author={Navarro, Gonzalo},
  journal={ACM computing surveys (CSUR)},
  volume={33},
  number={1},
  pages={31--88},
  year={2001},
  publisher={ACM New York, NY, USA}
}

@article{ziv1977universal,
  title={A universal algorithm for sequential data compression},
  author={Ziv, Jacob and Lempel, Abraham},
  journal={IEEE Transactions on information theory},
  volume={23},
  number={3},
  pages={337--343},
  year={1977},
  publisher={IEEE}
}

@incollection{hewish1979observation,
  title={Observation of a rapidly pulsating radio source},
  author={Hewish, Antony and Bell, S Joceyln and Pilkington, John DH and Frederick Scott, Paul and Collins, Robin Ashley},
  booktitle={A Source Book in Astronomy and Astrophysics, 1900--1975},
  pages={498--504},
  year={1979},
  publisher={Harvard University Press}
}

% sketching bioinfo

@Article{10.1093/bioinformatics/btac244,
  author  = {Belbasi, Mahdi and Blanca, Antonio and Harris, Robert S and Koslicki, David and Medvedev, Paul},
  title   = {The minimizer Jaccard estimator is biased and inconsistent},
  journal = {Bioinformatics},
  year    = {2022},
  volume  = {38},
  pages   = {i169-i176},
  month   = jun,
  issn    = {1367-4803},
  doi     = {10.1093/bioinformatics/btac244},
}

@article{marccais2019sketching,
  title={Sketching and sublinear data structures in genomics},
  author={Mar{\c{c}}ais, Guillaume and Solomon, Brad and Patro, Rob and Kingsford, Carl},
  journal={Annual Review of Biomedical Data Science},
  volume={2},
  pages={93--118},
  year={2019},
  publisher={Annual Reviews}
}

@article{rowe2019levee,
  title={When the levee breaks: a practical guide to sketching algorithms for processing the flood of genomic data},
  author={Rowe, Will PM},
  journal={Genome biology},
  volume={20},
  number={1},
  pages={1--12},
  year={2019},
  publisher={BioMed Central}
}

@misc{camsketch,
  howpublished = "\url{https://kamimrcht.github.io/webpage/sketch.html}"
}

@InProceedings{MinHash97,
  author    = {Broder, A.Z.},
  title     = {On the resemblance and containment of documents},
  booktitle = {Proceedings. Compression and Complexity of SEQUENCES 1997 (Cat. No.97TB100171)},
  year      = {1997},
  pages     = {21--29},
  doi       = {10.1109/SEQUEN.1997.666900},
}

@article{ondov2016mash,
  title={Mash: fast genome and metagenome distance estimation using MinHash},
  author={Ondov, Brian D and Treangen, Todd J and Melsted, P{\'a}ll and Mallonee, Adam B and Bergman, Nicholas H and Koren, Sergey and Phillippy, Adam M},
  journal={Genome biology},
  volume={17},
  number={1},
  pages={1--14},
  year={2016},
  publisher={BioMed Central}
}

@InProceedings{bar2002counting,
  author       = {Bar-Yossef, Ziv and Jayram, TS and Kumar, Ravi and Sivakumar, D and Trevisan, Luca},
  title        = {Counting distinct elements in a data stream},
  booktitle    = {Randomization and Approximation Techniques in Computer Science: 6\textsuperscript{th} International Workshop, RANDOM 2002 Cambridge, MA, USA, September 13--15, 2002 Proceedings 5},
  year         = {2002},
  pages        = {1--10},
  organization = {Springer},
}

@InProceedings{emptiness,
  author    = {Chan, Timothy M. and Larsen, Kasper Green and P\u{a}tra\c{s}cu, Mihai},
  title     = {Orthogonal Range Searching on the RAM, Revisited},
  booktitle = {Proc. 27\textsuperscript{th} {SoCG}},
  year      = {2011},
  pages     = {1--10},
}

@InProceedings{conf/stoc/AlstrupBR01,
  author    = {Stephen Alstrup and Gerth St{\o}lting Brodal and Theis Rauhe},
  title     = {Optimal static range reporting in one dimension},
  booktitle = {Proc. 33\textsuperscript{rd} {STOC}},
  year      = {2001},
  pages     = {476--482},
}

@InProceedings{constantspacepm,
  author    = {Maxime Crochemore},
  title     = {Constant-Space String-Matching},
  booktitle = {Proc. 8\textsuperscript{th} {FSTTCS}},
  year      = {1988},
  pages     = {80--87},
}

@Article{CrochemoreKK19,
  author  = {Maxime Crochemore and Roman Kolpakov and Gregory Kucherov},
  title   = {Optimal bounds for computing \emph{{\(\alpha\)}}-gapped repeats},
  journal = {Inf. Comput.},
  year    = {2019},
  volume  = {268},
}

@Article{Rytter02,
  author  = {Wojciech Rytter},
  title   = {Application of {L}empel-{Z}iv factorization to the approximation of grammar-based compression},
  journal = {Theor. Comput. Sci.},
  year    = {2003},
  volume  = {302},
  number  = {1-3},
  pages   = {211--222},
}

@InProceedings{AbboudBBK20,
  author    = {Amir Abboud and Arturs Backurs and Karl Bringmann and Marvin K{\"{u}}nnemann},
  title     = {Impossibility Results for Grammar-Compressed Linear Algebra},
  booktitle = {Proc. 34\textsuperscript{th} NeurIPS},
  year      = {2020},
  pages     = {8810--8823},
}

@InProceedings{CharikarLLPPRSS02,
  author    = {Moses Charikar and Eric Lehman and Ding Liu and Rina Panigrahy and Manoj Prabhakaran and April Rasala and Amit Sahai and Abhi Shelat},
  title     = {Approximating the smallest grammar: Kolmogorov complexity in natural models},
  booktitle = {Proc. 34\textsuperscript{th} {STOC}},
  year      = {2002},
  pages     = {792--801},
}

@InCollection{MakinenN16,
  author    = {Veli M{\"{a}}kinen and Gonzalo Navarro},
  title     = {Compressed Text Indexing},
  booktitle = {Encyclopedia of Algorithms},
  publisher = {Springer},
  year      = {2016},
  pages     = {394--397},
}

@InCollection{FerraginaV18,
  author    = {Paolo Ferragina and Rossano Venturini},
  title     = {Indexing Compressed Text},
  booktitle = {Encyclopedia of Database Systems (2\textsuperscript{nd} ed.)},
  publisher = {Springer},
  year      = {2018},
}

@Article{LarsenMNT15,
  author  = {Kasper Green Larsen and J. Ian Munro and Jesper Sindahl Nielsen and Sharma V. Thankachan},
  title   = {On hardness of several string indexing problems},
  journal = {Theor. Comput. Sci.},
  year    = {2015},
  volume  = {582},
  pages   = {74--82},
}

@InProceedings{KopelowitzPP16,
  author    = {Tsvi Kopelowitz and Seth Pettie and Ely Porat},
  title     = {Higher Lower Bounds from the {3SUM} Conjecture},
  booktitle = {Proc. 27\textsuperscript{th} {SODA}},
  year      = {2016},
  pages     = {1272--1287},
}

@InProceedings{HonSTV10,
  author    = {Wing{-}Kai Hon and Rahul Shah and Sharma V. Thankachan and Jeffrey Scott Vitter},
  title     = {String Retrieval for Multi-pattern Queries},
  booktitle = {Proc. 17\textsuperscript{th} {SPIRE}},
  year      = {2010},
  pages     = {55--66},
}

@InProceedings{HonSTV12,
  author    = {Wing{-}Kai Hon and Rahul Shah and Sharma V. Thankachan and Jeffrey Scott Vitter},
  title     = {Document Listing for Queries with Excluded Pattern},
  booktitle = {Proc. 23\textsuperscript{rd} {CPM}},
  year      = {2012},
  pages     = {185--195},
}

@InProceedings{FischerGKLMSV12,
  author    = {Johannes Fischer and Travis Gagie and Tsvi Kopelowitz and Moshe Lewenstein and Veli M{\"{a}}kinen and Leena Salmela and Niko V{\"{a}}lim{\"{a}}ki},
  title     = {Forbidden Patterns},
  booktitle = {Proc. 10\textsuperscript{th} {LATIN}},
  year      = {2012},
  pages     = {327--337},
}

@Article{GibneyT21,
  author  = {Daniel Gibney and Sharma V. Thankachan},
  title   = {Text Indexing for Regular Expression Matching},
  journal = {Algorithms},
  year    = {2021},
  volume  = {14},
  number  = {5},
  pages   = {133},
}

@InProceedings{Lewenstein13,
  author    = {Moshe Lewenstein},
  title     = {Orthogonal Range Searching for Text Indexing},
  booktitle = {Space-Efficient Data Structures, Streams, and Algorithms},
  year      = {2013},
  pages     = {267--302},
}

@Article{journals/talg/Chan13,
  author  = {Timothy M. Chan},
  title   = {Persistent Predecessor Search and Orthogonal Point Location on the Word {RAM}},
  journal = {{ACM} Trans. Algorithms},
  year    = {2013},
  volume  = {9},
  number  = {3},
  pages   = {22:1--22:22},
}

@InProceedings{Weiner73,
  author    = {Peter Weiner},
  title     = {Linear Pattern Matching Algorithms},
  booktitle = {14\textsuperscript{th} Annual Symposium on Switching and Automata Theory (SWAT 1973)},
  year      = {1973},
  pages     = {1--11},
}

@Article{ManberM93,
  author  = {Udi Manber and Eugene W. Myers},
  title   = {Suffix Arrays: {A} New Method for On-Line String Searches},
  journal = {{SIAM} J. Comput.},
  year    = {1993},
  volume  = {22},
  number  = {5},
  pages   = {935--948},
}

@InProceedings{latin/GagieGKNP14,
  author    = {Travis Gagie and Pawel Gawrychowski and Juha K{\"{a}}rkk{\"{a}}inen and Yakov Nekrich and Simon J. Puglisi},
  title     = {{LZ77}-Based Self-indexing with Faster Pattern Matching},
  booktitle = {Proc. 11\textsuperscript{th} {LATIN}},
  year      = {2014},
  pages     = {731--742},
}

@InProceedings{spire/ClaudeN12a,
  author    = {Francisco Claude and Gonzalo Navarro},
  title     = {Improved Grammar-Based Compressed Indexes},
  booktitle = {Proc. 19\textsuperscript{th} {SPIRE}},
  year      = {2012},
  pages     = {180--192},
}

@InProceedings{latin/ChristiansenE18,
  author    = {Anders Roy Christiansen and Mikko Berggren Ettienne},
  title     = {Compressed Indexing with Signature Grammars},
  booktitle = {Proc. 13\textsuperscript{th} {LATIN}},
  year      = {2018},
  pages     = {331--345},
}

@Article{tit/KiefferY00,
  author  = {John C. Kieffer and En{-}Hui Yang},
  title   = {Grammar-based codes: {A} new class of universal lossless source codes},
  journal = {{IEEE} Trans. Inf. Theory},
  year    = {2000},
  volume  = {46},
  number  = {3},
  pages   = {737--754},
}

@InProceedings{mfcs/NishimotoIIBT16,
  author    = {Takaaki Nishimoto and Tomohiro I and Shunsuke Inenaga and Hideo Bannai and Masayuki Takeda},
  title     = {Fully Dynamic Data Structure for {LCE} Queries in Compressed Space},
  booktitle = {Proc. 41\textsuperscript{st} {MFCS}},
  year      = {2016},
  volume    = {58},
  pages     = {72:1--72:15},
}

@Article{ipl/Willard83,
  author  = {Dan E. Willard},
  title   = {Log-Logarithmic Worst-Case Range Queries are Possible in Space {$\Theta(N)$}},
  journal = {Inf. Process. Lett.},
  year    = {1983},
  volume  = {17},
  number  = {2},
  pages   = {81--84},
}

@InProceedings{bille2015longest,
  author    = {Philip Bille and Inge Li G{\o}rtz and Mathias B{\ae}k Tejs Knudsen and Moshe Lewenstein and Hjalte Wedel Vildh{\o}j},
  title     = {Longest Common Extensions in Sublinear Space},
  booktitle = {Proc. 26\textsuperscript{th} CPM},
  year      = {2015},
  pages     = {65--76},
}

@InProceedings{dcc/GasieniecKPS05,
  author    = {Leszek G\k{a}sieniec and Roman M. Kolpakov and Igor Potapov and Paul Sant},
  title     = {Real-Time Traversal in Grammar-Based Compressed Files},
  booktitle = {Proc. 15\textsuperscript{th} {DCC}},
  year      = {2005},
  pages     = {458},
}

@InProceedings{esa/BelazzouguiBPV10,
  author    = {Djamal Belazzougui and Paolo Boldi and Rasmus Pagh and Sebastiano Vigna},
  title     = {Fast Prefix Search in Little Space, with Applications},
  booktitle = {Proc. 18\textsuperscript{th} {ESA}},
  year      = {2010},
  pages     = {427--438},
}

@InProceedings{soda/GagieNP18,
  author    = {Travis Gagie and Gonzalo Navarro and Nicola Prezza},
  title     = {Optimal-Time Text Indexing in {BWT}-runs Bounded Space},
  booktitle = {Proc. 29\textsuperscript{th} {SODA}},
  year      = {2018},
  pages     = {1459--1477},
}

@InProceedings{soda/GawrychowskiKKL18,
  author    = {Pawel Gawrychowski and Adam Karczmarz and Tomasz Kociumaka and Jakub Lacki and Piotr Sankowski},
  title     = {Optimal Dynamic Strings},
  booktitle = {Proc. 29\textsuperscript{th} {SODA}},
  year      = {2018},
  pages     = {1509--1528},
}

@Article{random_access_grammar_compress,
  author  = {Bille, Philip and Landau, Gad M. and Raman, Rajeev and Sadakane, Kunihiko and Satti, Srinivasa Rao and Weimann, Oren},
  title   = {Random Access to Grammar-Compressed Strings and Trees},
  journal = {{SIAM} J. Comput.},
  year    = {2015},
  volume  = {44},
  number  = {3},
  pages   = {513--539},
}

@InProceedings{spire/DNP2021,
  author    = {D{\'i}az-Dom{\'i}nguez, Diego and Navarro, Gonzalo and Pacheco, Alejandro},
  title     = {An {LMS}-Based Grammar Self-index with Local Consistency Properties},
  booktitle = {Proc. 28\textsuperscript{th} {SPIRE}},
  year      = {2021},
}

@Article{survey/indexingNavarroI,
  author  = {Navarro, Gonzalo},
  title   = {Indexing Highly Repetitive String Collections, Part I: Repetitiveness Measures},
  journal = {{ACM} Comput. Surv.},
  year    = {2021},
  volume  = {54},
  number  = {2},
  pages   = {29:1--29:31},
}

@Article{survey/indexingNavarroII,
  author  = {Gonzalo Navarro},
  title   = {Indexing Highly Repetitive String Collections, Part {II:} Compressed Indexes},
  journal = {{ACM} Comput. Surv.},
  year    = {2021},
  volume  = {54},
  number  = {2},
  pages   = {26:1--26:32},
}

@Article{FREDERICKSON1993197,
  author  = {Frederickson, Greg N},
  title   = {An Optimal Algorithm for Selection in a Min-Heap},
  journal = {Information and Computation},
  year    = {1993},
  volume  = {104},
  number  = {2},
  pages   = {197--214},
  issn    = {0890-5401},
  doi     = {10.1006/inco.1993.1030},
}

@Article{DBLP:conf/fsttcs/BilleGPRS20,
  author  = {Philip Bille and Inge Li G{\o}rtz and Max Rish{\o}j Pedersen and Eva Rotenberg and Teresa Anna Steiner},
  title   = {String indexing for top-\emph{k} close consecutive occurrences},
  journal = {Theor. Comput. Sci.},
  year    = {2022},
  volume  = {927},
  pages   = {133--147},
  doi     = {10.1016/j.tcs.2022.06.004},
}

@Article{DBLP:journals/corr/abs-2304-00887,
  author     = {Pawel Gawrychowski and Garance Gourdel and Tatiana Starikovskaya and Teresa Anna Steiner},
  title      = {Compressed Indexing for Consecutive Occurrences},
  journal    = {CoRR},
  year       = {2023},
  volume     = {abs/2304.00887},
  note       = {Accepted to CPM 2023},
  doi        = {10.48550/arXiv.2304.00887},
  eprint     = {2304.00887},
  eprinttype = {arXiv},
}

@InProceedings{belazzougui_et_al:LIPIcs.CPM.2021.8,
  author    = {Belazzougui, Djamal and Kosolobov, Dmitry and Puglisi, Simon J. and Raman, Rajeev},
  title     = {{Weighted Ancestors in Suffix Trees Revisited}},
  booktitle = {32\textsuperscript{nd} Annual Symposium on Combinatorial Pattern Matching (CPM 2021)},
  year      = {2021},
  volume    = {191},
  series    = {Leibniz International Proceedings in Informatics (LIPIcs)},
  pages     = {8:1--8:15},
  annote    = {Keywords: suffix tree, weighted ancestors, irreducible LCP, deterministic substring hashing},
  doi       = {10.4230/LIPIcs.CPM.2021.8},
  isbn      = {978-3-95977-186-3},
  issn      = {1868-8969},
  urn       = {urn:nbn:de:0030-drops-139594},
}

@InProceedings{DBLP:conf/focs/GanardiJL19,
  author    = {Moses Ganardi and Artur Jez and Markus Lohrey},
  title     = {Balancing Straight-Line Programs},
  booktitle = {{FOCS} 2019},
  year      = {2019},
  pages     = {1169--1183},
  publisher = {{IEEE} Computer Society},
  doi       = {10.1109/FOCS.2019.00073},
}

@InProceedings{DBLP:conf/soda/GanardiG22,
  author    = {Moses Ganardi and Pawel Gawrychowski},
  title     = {Pattern Matching on Grammar-Compressed Strings in Linear Time},
  booktitle = {{SODA} 2022},
  year      = {2022},
  pages     = {2833--2846},
  doi       = {10.1137/1.9781611977073.110},
}

@Article{DBLP:journals/corr/abs-2211-16860,
  author     = {Philip Bille and Inge Li G{\o}rtz and Moshe Lewenstein and Solon P. Pissis and Eva Rotenberg and Teresa Anna Steiner},
  title      = {Gapped String Indexing in Subquadratic Space and Sublinear Query Time},
  journal    = {CoRR},
  year       = {2022},
  volume     = {abs/2211.16860},
  doi        = {10.48550/arXiv.2211.16860},
  eprint     = {2211.16860},
  eprinttype = {arXiv},
}

@Article{DBLP:journals/algorithmica/GolanKP19,
  author  = {Shay Golan and Tsvi Kopelowitz and Ely Porat},
  title   = {Streaming Pattern Matching with $d$ Wildcards},
  journal = {Algorithmica},
  year    = {2019},
  volume  = {81},
  number  = {5},
  pages   = {1988--2015},
  doi     = {10.1007/s00453-018-0521-7},
}

@Article{DBLP:journals/corr/abs-2106-06037,
  author  = {Tomasz Kociumaka and Ely Porat and Tatiana Starikovskaya},
  title   = {Small space and streaming pattern matching with $k$ edits},
  journal = {CoRR},
  year    = {2021},
  volume  = {abs/2106.06037},
  note    = {To appear in \em{2021 IEEE Symposium on Foundations of Computer Science (FOCS)}},
}

@InProceedings{clifford2018streaming,
  author    = {Rapha{\"{e}}l Clifford and Tomasz Kociumaka and Ely Porat},
  title     = {The streaming k-mismatch problem},
  booktitle = {2019 ACM-SIAM Symposium on Discrete Algorithms (SODA)},
  year      = {2019},
  pages     = {1106--1125},
  doi       = {10.1137/1.9781611975482.68},
}

@InProceedings{DBLP:conf/soda/CliffordFPSS16,
  author    = {Rapha\"{e}l Clifford and Allyx Fontaine and Ely Porat and Benjamin Sach and Tatiana Starikovskaya},
  title     = {The \emph{k}-mismatch problem revisited},
  booktitle = {2016 ACM-SIAM Symposium on Discrete Algorithms (SODA)},
  year      = {2016},
  pages     = {2039--2052},
  doi       = {10.1137/1.9781611974331.ch142},
}

@InProceedings{clifford_et_al:LIPIcs:2016:6299,
  author    = {R. Clifford and T. Starikovskaya},
  title     = {Approximate {H}amming distance in a stream},
  booktitle = {2016, International Colloquium on Automata, Languages, and Programming (ICALP)},
  year      = {2016},
  volume    = {55},
  series    = {LIPIcs},
  pages     = {20:1--20:14},
  doi       = {10.4230/LIPIcs.ICALP.2016.20},
}

@InProceedings{DBLP:conf/esa/GolanP17,
  author    = {Shay Golan and Ely Porat},
  title     = {Real-time streaming multi-pattern search for constant alphabet},
  booktitle = {2017 European Symposium on Algorithms (ESA)},
  year      = {2017},
  volume    = {107},
  series    = {LIPIcs},
  pages     = {41:1--41:15},
  doi       = {10.4230/LIPIcs.ESA.2017.41},
}

@InProceedings{DBLP:conf/esa/CliffordFPSS15,
  author    = {Rapha\"{e}l Clifford and Allyx Fontaine and Ely Porat and Benjamin Sach and Tatiana Starikovskaya},
  title     = {Dictionary matching in a stream},
  booktitle = {2015 European Symposium on Algorithms (ESA)},
  year      = {2015},
  volume    = {9294},
  series    = {LNCS},
  pages     = {361--372},
  doi       = {10.1007/978-3-662-48350-3_31},
}

@InProceedings{DBLP:conf/icalp/GolanKP18,
  author    = {Shay Golan and Tsvi Kopelowitz and Ely Porat},
  title     = {Towards optimal approximate streaming pattern matching by matching multiple patterns in multiple streams},
  booktitle = {2018 International Colloquium on Automata, Languages, and Programming (ICALP)},
  year      = {2018},
  volume    = {107},
  series    = {LIPIcs},
  pages     = {65:1--65:16},
  doi       = {10.4230/LIPIcs.ICALP.2018.65},
}

@InProceedings{Ergun:10,
  author    = {Funda Erg{\"{u}}n and Hossein Jowhari and Mert Sa{\u{g}}lam},
  title     = {Periodicity in streams},
  booktitle = {2010 International Conference on Approximation Algorithms for Combinatorial Optimization (APPROX)},
  year      = {2010},
  pages     = {545--559},
  doi       = {10.1007/978-3-642-15369-3_41},
}

@InProceedings{stream-periodicity-mismatches,
  author    = {Funda Erg{\"{u}}n and Elena Grigorescu and Erfan Sadeqi Azer and Samson Zhou},
  title     = {Streaming periodicity with mismatches},
  booktitle = {2017 International Conference on Approximation Algorithms for Combinatorial Optimization (APPROX)},
  year      = {2017},
  pages     = {42:1--42:21},
  doi       = {10.4230/LIPIcs.APPROX-RANDOM.2017.42},
}

@InProceedings{stream-periodicity-wildcards,
  author    = {Funda Erg{\"{u}}n and Elena Grigorescu and Erfan Sadeqi Azer and Samson Zhou},
  title     = {Periodicity in data streams with wildcards},
  booktitle = {2018 International Computer Science Symposium in Russia (CSR)},
  year      = {2018},
  pages     = {90--105},
  doi       = {10.1007/978-3-319-90530-3_9},
}

@InProceedings{DBLP:conf/cpm/GawrychowskiRS19,
  author    = {Pawe\l{} Gawrychowski and Jakub Radoszewski and Tatiana Starikovskaya},
  title     = {Quasi-periodicity in streams},
  booktitle = {2019 Symposium on Combinatorial Pattern Matching (CPM)},
  year      = {2019},
  volume    = {128},
  series    = {LIPIcs},
  pages     = {22:1--22:14},
  doi       = {10.4230/LIPIcs.CPM.2019.22},
}

@Article{DBLP:journals/algorithmica/GawrychowskiMSU19,
  author  = {Pawe\l{} Gawrychowski and Oleg Merkurev and Arseny M. Shur and Przemys\l{}aw Uzna\'{n}ski},
  title   = {Tight tradeoffs for real-time approximation of longest palindromes in streams},
  journal = {Algorithmica},
  year    = {2019},
  volume  = {81},
  number  = {9},
  pages   = {3630--3654},
  doi     = {10.1007/s00453-019-00591-8},
}

@InProceedings{DBLP:conf/cpm/MerkurevS19,
  author    = {Oleg Merkurev and Arseny M. Shur},
  title     = {Searching long repeats in streams},
  booktitle = {2019 Symposium on Combinatorial Pattern Matching (CPM)},
  year      = {2019},
  volume    = {128},
  series    = {LIPIcs},
  pages     = {31:1--31:14},
  doi       = {10.4230/LIPIcs.CPM.2019.31},
}

@InProceedings{DBLP:conf/spire/MerkurevS19,
  author    = {Oleg Merkurev and Arseny M. Shur},
  title     = {Searching runs in streams},
  booktitle = {2019 Symposium on String Processing and Information Retrieval (SPIRE)},
  year      = {2019},
  volume    = {11811},
  series    = {LNCS},
  pages     = {203--220},
  doi       = {10.1007/978-3-030-32686-9_15},
}

@Article{DBLP:journals/siamcomp/MagniezMN14,
  author  = {Fr\'{e}d\'{e}ric Magniez and Claire Mathieu and Ashwin Nayak},
  title   = {Recognizing well-parenthesized expressions in the streaming model},
  journal = {{SIAM} Journal on Computing},
  year    = {2014},
  volume  = {43},
  number  = {6},
  pages   = {1880--1905},
  doi     = {10.1137/130926122},
}

@InProceedings{ganardi_et_al:LIPIcs:2018:9131,
  author    = {Moses Ganardi and Danny Hucke and Markus Lohrey},
  title     = {Randomized sliding window algorithms for regular languages},
  booktitle = {2018 International Colloquium on Automata, Languages, and Programming (ICALP)},
  year      = {2018},
  volume    = {107},
  series    = {LIPIcs},
  pages     = {127:1--127:13},
  doi       = {10.4230/LIPIcs.ICALP.2018.127},
}

@InProceedings{DBLP:conf/lata/GanardiHL18,
  author    = {Moses Ganardi and Danny Hucke and Markus Lohrey},
  title     = {Sliding window algorithms for regular languages},
  booktitle = {2018 International Conference on Language and Automata Theory and Applications (LATA)},
  year      = {2018},
  volume    = {10792},
  pages     = {26--35},
  doi       = {10.1007/978-3-319-77313-1_2},
}

@InProceedings{ganardi_et_al:LIPIcs:2018:8485,
  author    = {Moses Ganardi and Danny Hucke and Daniel K{\"o}nig and Markus Lohrey and Konstantinos Mamouras},
  title     = {Automata theory on sliding windows},
  booktitle = {2018 Symposium on Theoretical Aspects of Computer Science (STACS)},
  year      = {2018},
  volume    = {96},
  series    = {LIPIcs},
  pages     = {31:1--31:14},
  doi       = {10.4230/LIPIcs.STACS.2018.31},
}

@InProceedings{ganardi_et_al:LIPIcs:2016:6853,
  author    = {Moses Ganardi and Danny Hucke and Markus Lohrey},
  title     = {Querying regular languages over sliding windows},
  booktitle = {2016 Foundations of Software Technology and Theoretical Computer Science (FSTTCS)},
  year      = {2016},
  volume    = {65},
  series    = {LIPIcs},
  pages     = {18:1--18:14},
  doi       = {10.4230/LIPIcs.FSTTCS.2016.18},
}

@InProceedings{DBLP:conf/stacs/Ganardi19,
  author    = {M. Ganardi},
  title     = {Visibly pushdown languages over sliding windows},
  booktitle = {2019 Symposium on Theoretical Aspects of Computer Science (STACS)},
  year      = {2019},
  volume    = {126},
  series    = {LIPIcs},
  pages     = {29:1--29:17},
  doi       = {10.4230/LIPIcs.ESA.2016.43},
}

@InProceedings{DBLP:conf/mfcs/GanardiJL18,
  author    = {Moses Ganardi and Artur Je\.{z} and Markus Lohrey},
  title     = {Sliding windows over context-free languages},
  booktitle = {2018 International Symposium on Mathematical Foundations of Computer Science (MFCS)},
  year      = {2018},
  volume    = {117},
  series    = {LIPIcs},
  pages     = {15:1--15:15},
  doi       = {10.4230/LIPIcs.MFCS.2018.15},
}

@Article{DBLP:journals/tcs/BabuLRV13,
  author  = {Ajesh Babu and Nutan Limaye and Jaikumar Radhakrishnan and Girish Varma},
  title   = {Streaming algorithms for language recognition problems},
  journal = {Theoretical Computer Science},
  year    = {2013},
  volume  = {494},
  pages   = {13--23},
  doi     = {10.1016/j.tcs.2012.12.028},
}

@InProceedings{franois_et_al:LIPIcs:2016:6355,
  author    = {Nathana{\"e}l Fran{\c{c}}ois and Fr{\'e}d{\'e}ric Magniez and Michel de Rougemont and Olivier Serre},
  title     = {Streaming property testing of visibly pushdown languages},
  booktitle = {2016 European Symposium on Algorithms (ESA)},
  year      = {2016},
  volume    = {57},
  series    = {LIPIcs},
  pages     = {43:1--43:17},
  doi       = {10.4230/LIPIcs.ESA.2016.43},
}

@InProceedings{ganardi_et_al:LIPIcs:2019:11502,
  author    = {Moses Ganardi and Danny Hucke and Markus Lohrey and Tatiana Starikovskaya},
  title     = {Sliding window property testing for regular languages},
  booktitle = {2019 International Symposium on Algorithms and Computation (ISAAC)},
  year      = {2019},
  volume    = {149},
  series    = {LIPIcs},
  pages     = {6:1--6:13},
  doi       = {10.4230/LIPIcs.ISAAC.2019.6},
}

@Article{DBLP:journals/iandc/RadoszewskiS20,
  author  = {Jakub Radoszewski and Tatiana Starikovskaya},
  title   = {Streaming \emph{k}-mismatch with error correcting and applications},
  journal = {Journal of Information and Computation},
  year    = {2020},
  volume  = {271},
  pages   = {104513},
  doi     = {10.1016/j.ic.2019.104513},
}

@InProceedings{starikovskaya:LIPIcs:2017:7320,
  author    = {Tatiana Starikovskaya},
  title     = {Communication and streaming complexity of approximate pattern matching},
  booktitle = {2017 Symposium on Combinatorial Pattern Matching (CPM)},
  year      = {2017},
  volume    = {78},
  series    = {LIPIcs},
  pages     = {13:1--13:11},
  doi       = {10.4230/LIPIcs.CPM.2017.13},
}

@InProceedings{bathie_et_al:LIPIcs.ICALP.2021.119,
  author    = {Bathie, Gabriel and Starikovskaya, Tatiana},
  title     = {{Property testing of regular languages with applications to streaming property testing of visibly pushdown languages}},
  booktitle = {2021 International Colloquium on Automata, Languages, and Programming (ICALP)},
  year      = {2021},
  volume    = {198},
  series    = {Leibniz International Proceedings in Informatics (LIPIcs)},
  pages     = {119:1--119:17},
  doi       = {10.4230/LIPIcs.ICALP.2021.119},
}

@InProceedings{schepper:LIPIcs:2020:12946,
  author    = {Philipp Schepper},
  title     = {{Fine-grained complexity of regular expression pattern matching and membership}},
  booktitle = {2020 European Symposium on Algorithms (ESA)},
  year      = {2020},
  volume    = {173},
  series    = {Leibniz International Proceedings in Informatics (LIPIcs)},
  pages     = {80:1--80:20},
  doi       = {10.4230/LIPIcs.ESA.2020.80},
}

@InProceedings{DBLP:conf/icalp/AbboudB18,
  author    = {Amir Abboud and Karl Bringmann},
  title     = {Tighter connections between formula-{SAT} and shaving logs},
  booktitle = {2018 International Colloquium on Automata, Languages, and Programming (ICALP)},
  year      = {2018},
  volume    = {107},
  series    = {LIPIcs},
  pages     = {8:1--8:18},
  publisher = {Schloss Dagstuhl - Leibniz-Zentrum f{\"{u}}r Informatik},
  doi       = {10.4230/LIPIcs.ICALP.2018.8},
}

@InProceedings{7354389,
  author    = {Karl Bringmann and Marvin Kunnemann},
  title     = {Quadratic conditional lower bounds for string problems and dynamic time warping},
  booktitle = {2015 IEEE Symposium on Foundations of Computer Science (FOCS)},
  year      = {2015},
  pages     = {79--97},
  doi       = {10.1109/FOCS.2015.15},
}

@Article{WILLIAMS2005357,
  author  = {Ryan Williams},
  title   = {A new algorithm for optimal 2-constraint satisfaction and its implications},
  journal = {Theoretical Computer Science},
  year    = {2005},
  volume  = {348},
  number  = {2},
  pages   = {357--365},
  doi     = {10.1016/j.tcs.2005.09.023},
}

@Article{IMPAGLIAZZO2001367,
  author  = {Russell Impagliazzo and Ramamohan Paturi},
  title   = {On the complexity of k-{SAT}},
  journal = {Journal of Computer and System Sciences},
  year    = {2001},
  volume  = {62},
  number  = {2},
  pages   = {367--375},
  issn    = {0022-0000},
  doi     = {10.1006/jcss.2000.1727},
}

@Misc{wordbreak2,
  author       = {LeetCode},
  title        = {Problem 139. {W}ord break},
  howpublished = {\url{https://leetcode.com/problems/word-break/}},
}

@Misc{wordbreak1,
  author       = {Daniel Tunkelang},
  title        = {Retiring a great interview problem},
  howpublished = {\url{https://thenoisychannel.com/2011/08/08/retiring-a-great-interview-problem/}},
  year         = {2011},
}

@Article{CLIFFORD200753,
  author  = {Peter Clifford and Raphael Clifford},
  title   = {Simple deterministic wildcard matching},
  journal = {Information Processing Letters},
  year    = {2007},
  volume  = {101},
  number  = {2},
  pages   = {53--54},
  issn    = {0020-0190},
  doi     = {10.1016/j.ipl.2006.08.002},
}

@InProceedings{10.5555/795664.796430,
  author    = {Piotr Indyk},
  title     = {Faster algorithms for string matching problems: matching the convolution bound},
  booktitle = {1998 IEE Symposium on Foundations of Computer Science (FOCS)},
  year      = {1998},
  pages     = {166},
  doi       = {10.1109/SFCS.1998.743440},
  isbn      = {0818691727},
}

@InProceedings{10.1145/509907.509992,
  author    = {Richard Cole and Ramesh Hariharan},
  title     = {Verifying candidate matches in sparse and wildcard matching},
  booktitle = {2002 ACM Symposium on Theory of Computing (STOC)},
  year      = {2002},
  pages     = {592--601},
  doi       = {10.1145/509907.509992},
  isbn      = {1581134959},
  numpages  = {10},
}

@InProceedings{10.5555/545381.545468,
  author    = {Adam Kalai},
  title     = {Efficient pattern-matching with don't cares},
  booktitle = {2002 ACM-SIAM Symposium on Discrete Algorithms (SODA)},
  year      = {2002},
  pages     = {655--656},
  isbn      = {089871513X},
  numpages  = {2},
}

@Article{10.1145/360825.360855,
  author   = {Alfred V. Aho and Margaret J. Corasick},
  title    = {Efficient string matching: an aid to bibliographic search},
  journal  = {Communications of the ACM},
  year     = {1975},
  volume   = {18},
  number   = {6},
  pages    = {333--340},
  issn     = {0001-0782},
  doi      = {10.1145/360825.360855},
  numpages = {8},
}

@InProceedings{8104068,
  author    = {Karl Bringmann and Allan Gronlund and Kasper Green Larsen},
  title     = {A dichotomy for regular expression membership testing},
  booktitle = {2017 IEEE Symposium on Foundations of Computer Science (FOCS)},
  year      = {2017},
  pages     = {307--318},
  doi       = {10.1109/FOCS.2017.36},
}

@InProceedings{DBLP:conf/focs/BackursI16,
  author    = {Arturs Backurs and Piotr Indyk},
  title     = {Which Regular Expression Patterns Are Hard to Match?},
  booktitle = {2016 IEEE Symposium on Foundations of Computer Science (FOCS)},
  year      = {2016},
  pages     = {457--466},
  publisher = {{IEEE} Computer Society},
  doi       = {10.1109/FOCS.2016.56},
}

@InProceedings{doi:10.1137/1.9781611973075.104,
  author    = {Philip Bille and Mikkel Thorup},
  title     = {Regular expression matching with multi-strings and intervals},
  booktitle = {2010 ACM-SIAM Symposium on Discrete Algorithms (SODA)},
  year      = {2010},
  pages     = {1297--1308},
  doi       = {10.1137/1.9781611973075.104},
}

@InProceedings{10.1007/978-3-642-02927-1_16,
  author    = {Philip Bille and Mikkel Thorup},
  title     = {Faster regular expression matching},
  booktitle = {2009 International Colloquium on Automata, Languages, and Programming (ICALP)},
  year      = {2009},
  pages     = {171--182},
  publisher = {Springer Berlin Heidelberg},
  doi       = {10.1007/978-3-642-02927-1_16},
}

@Article{BILLE2008486,
  author  = {Philip Bille and Martin Farach-Colton},
  title   = {Fast and compact regular expression matching},
  journal = {Theoretical Computer Science},
  year    = {2008},
  volume  = {409},
  number  = {3},
  pages   = {486--496},
  issn    = {0304-3975},
  doi     = {10.1016/j.tcs.2008.08.042},
}

@InProceedings{10.1007/11786986_56,
  author    = {Philip Bille},
  title     = {New algorithms for regular expression matching},
  booktitle = {2006 International Colloquium on Automata, Languages, and Programming (ICALP)},
  year      = {2006},
  volume    = {4051},
  series    = {Lecture Notes in Computer Science},
  pages     = {643--654},
  publisher = {Springer},
  doi       = {10.1007/11786986_56},
}

@Article{10.1145/128749.128755,
  author    = {Eugene W. Myers},
  title     = {A four {R}ussians algorithm for regular expression pattern matching},
  journal   = {Journal of the ACM},
  year      = {1992},
  volume    = {39},
  number    = {2},
  pages     = {432--448},
  month     = apr,
  issn      = {0004-5411},
  doi       = {10.1145/128749.128755},
  numpages  = {17},
  publisher = {Association for Computing Machinery},
}

@InProceedings{10.1007/978-3-642-82456-2_1,
  author    = {Zvi Galil},
  title     = {Open problems in stringology},
  booktitle = {Combinatorial Algorithms on Words},
  year      = {1985},
  pages     = {1--8},
  publisher = {Springer Berlin Heidelberg},
  isbn      = {978-3-642-82456-2},
}

@Book{RM-704,
  title     = {Representation of events in nerve nets and finite automata},
  publisher = {RAND Corporation},
  year      = {1951},
  author    = {Stephen C. Kleene},
}

@Article{1000341,
  author  = {Minos N. Garofalakis and Rajeev Rastogi and Kyuseok Shim},
  title   = {Mining sequential patterns with regular expression constraints},
  journal = {IEEE Transactions on Knowledge and Data Engineering (TKDE)},
  year    = {2002},
  volume  = {14},
  number  = {3},
  pages   = {530--552},
  doi     = {10.1109/TKDE.2002.1000341},
}

@InProceedings{10.1145/2207676.2208694,
  author    = {Kenrick Kin and Bj{\"{o}}rn Hartmann and Tony DeRose and Maneesh Agrawala},
  title     = {Proton: multitouch gestures as regular expressions},
  booktitle = {2012 Conference on Human Factors in Computing Systems (CHI)},
  year      = {2012},
  pages     = {2885--2894},
  doi       = {10.1145/2207676.2208694},
  isbn      = {9781450310154},
  numpages  = {10},
}

@InProceedings{10.1145/1159913.1159952,
  author    = {Sailesh Kumar and Sarang Dharmapurikar and Fang Yu and Patrick Crowley and Jonathan S. Turner},
  title     = {Algorithms to accelerate multiple regular expressions matching for deep packet inspection},
  booktitle = {2006 Conference on Applications, Technologies, Architectures, and Protocols for Computer Communications (SIGCOMM)},
  year      = {2006},
  pages     = {339--350},
  doi       = {10.1145/1159913.1159952},
  isbn      = {1595933085},
  numpages  = {12},
}

@InProceedings{4221791,
  author    = {Theodore Johnson and Shan Muthu Muthukrishnan and Irina Rozenbaum},
  title     = {Monitoring regular zxpressions on out-of-order streams},
  booktitle = {2007 IEEE International Conference on Data Engineering (ICDE)},
  year      = {2007},
  pages     = {1315--1319},
  doi       = {10.1109/ICDE.2007.369001},
}

@InProceedings{4579527,
  author    = {Fang Yu and Zhifeng Chen and Yanlei Diao and T. V. Lakshman and Randy H. Katz},
  title     = {Fast and memory-efficient regular expression matching for deep packet inspection},
  booktitle = {2006 Symposium on Architecture For Networking And Communications Systems},
  year      = {2006},
  pages     = {93--102},
  doi       = {10.1145/1185347.1185360},
}

@InProceedings{10.1145/369133.369220,
  author    = {Gonzalo Navarro and Mathieu Raffinot},
  title     = {Fast and simple character classes and bounded gaps pattern matching, with application to protein searching},
  booktitle = {2001 International Conference on Computational Biology (RECOMB)},
  year      = {2001},
  pages     = {231--240},
  doi       = {10.1145/369133.369220},
  isbn      = {1581133537},
  numpages  = {10},
}

@InProceedings{10.5555/645927.672035,
  author    = {Quanzhong Li and Bongki Moon},
  title     = {Indexing and querying {XML} data for regular path expressions},
  booktitle = {2001 International Conference on Very Large Data Bases (VLDB)},
  year      = {2001},
  pages     = {361--370},
  isbn      = {1558608044},
  numpages  = {10},
}

@InProceedings{10.1145/375551.375569,
  author    = {Makoto Murata},
  title     = {Extended path expressions of {XML}},
  booktitle = {2001 ACM SIGMOD-SIGACT-SIGART Symposium on Principles of Database Systems (PODS)},
  year      = {2001},
  pages     = {126--137},
  doi       = {10.1145/375551.375569},
  isbn      = {1581133618},
  numpages  = {12},
}

@Article{AKS,
  author  = {Manindra Agrawal and Neeraj Kayal and Nitin Saxena},
  title   = {Primes is in P},
  journal = {Annals of Mathematics},
  year    = {2004},
  volume  = {160},
  number  = {2},
  pages   = {781--793},
  issn    = {0003-486X},
  doi     = {10.4007/annals.2004.160.781},
}

@Book{Bombieri,
  title     = {Le grand crible dans la th\'eorie analytique des nombres},
  publisher = {Soci\'et\'e math\'ematique de France},
  year      = {1974},
  author    = {Enrico Bombieri},
  number    = {18},
  series    = {Ast\'erisque},
  language  = {fr},
  mrnumber  = {891718},
  zbl       = {0618.10042},
}

@Article{pollard1974,
  author    = {John M. Pollard},
  title     = {Theorems on factorization and primality testing},
  journal   = {Mathematical Proceedings of the Cambridge Philosophical Society},
  year      = {1974},
  volume    = {76},
  number    = {3},
  pages     = {521--528},
  doi       = {10.1017/S0305004100049252},
  publisher = {Cambridge University Press},
}

@Article{Strassen1976,
  author   = {Volker Strassen},
  title    = {Einige resultate uber berechnungskomplexitat},
  journal  = {Jahresbericht der Deutschen Mathematiker-Vereinigung},
  year     = {1976/77},
  volume   = {78},
  pages    = {1--8},
  language = {ger},
}

@Article{BRESLAUER20132,
  author  = {Dany Breslauer and Roberto Grossi and Filippo Mignosi},
  title   = {Simple real-time constant-space string matching},
  journal = {Theoretical Computer Science},
  year    = {2013},
  volume  = {483},
  pages   = {2--9},
  doi     = {10.1016/j.tcs.2012.11.040},
}

@Article{GALIL1981331,
  author  = {Zvi Galil and Joel I. Seiferas},
  title   = {Linear-time string-matching using only a fixed number of local storage locations},
  journal = {Theoretical Computer Science},
  year    = {1981},
  volume  = {13},
  number  = {3},
  pages   = {331--336},
  issn    = {0304-3975},
  doi     = {10.1016/S0304-3975(81)80006-0},
}

@Article{doi:10.1137/0209032,
  author  = {Zvi Galil and Joel Seiferas},
  title   = {Saving space in fast string-matching},
  journal = {SIAM Journal on Computing},
  year    = {1980},
  volume  = {9},
  number  = {2},
  pages   = {417--438},
  doi     = {10.1137/0209032},
}

@Article{10.1145/322234.322244,
  author   = {Zvi Galil},
  title    = {String matching in real time},
  journal  = {Journal of ACM},
  year     = {1981},
  volume   = {28},
  number   = {1},
  pages    = {134--149},
  issn     = {0004-5411},
  doi      = {10.1145/322234.322244},
  numpages = {16},
}

@Article{BRESLAUER1996177,
  author  = {Dany Breslauer},
  title   = {Saving comparisons in the Crochemore-Perrin string-matching algorithm},
  journal = {Theoretical Computer Science},
  year    = {1996},
  volume  = {158},
  number  = {1},
  pages   = {177--192},
  issn    = {0304-3975},
  doi     = {10.1016/0304-3975(95)00068-2},
}

@Article{RYTTER2003763,
  author  = {Wojciech Rytter},
  title   = {On maximal suffixes and constant-space linear-time versions of {KMP} algorithm},
  journal = {Theoretical Computer Science},
  year    = {2003},
  volume  = {299},
  number  = {1},
  pages   = {763--774},
  issn    = {0304-3975},
  doi     = {10.1016/S0304-3975(02)00590-X},
}

@Article{DBLP:journals/tcs/GasieniecPR95,
  author  = {Leszek Gasieniec and Wojciech Plandowski and Wojciech Rytter},
  title   = {The zooming method: a recursive approach to time-space efficient string-matching},
  journal = {Theoretical Computer Science},
  year    = {1995},
  volume  = {147},
  number  = {1{\&}2},
  pages   = {19--30},
  doi     = {10.1016/0304-3975(94)00249-I},
}

@Article{DBLP:journals/tcs/Crochemore92,
  author  = {Maxime Crochemore},
  title   = {String-matching on ordered alphabets},
  journal = {Theoretical Computer Science},
  year    = {1992},
  volume  = {92},
  number  = {1},
  pages   = {33--47},
  doi     = {10.1016/0304-3975(92)90134-2},
}

@Article{Crochemore:1991:TS:116825.116845,
  author   = {Maxime Crochemore and Dominique Perrin},
  title    = {Two-way string-matching},
  journal  = {Journal of ACM},
  year     = {1991},
  volume   = {38},
  number   = {3},
  pages    = {650--674},
  month    = jul,
  issn     = {0004-5411},
  doi      = {10.1145/116825.116845},
  numpages = {25},
}

@InProceedings{DBLP:conf/cpm/GolanKKP20,
  author    = {Shay Golan and Tomasz Kociumaka and Tsvi Kopelowitz and Ely Porat},
  title     = {The streaming k-mismatch problem: tradeoffs between space and total time},
  booktitle = {2020 Symposium on Combinatorial Pattern Matching (CPM)},
  year      = {2020},
  volume    = {161},
  series    = {LIPIcs},
  pages     = {15:1--15:15},
  doi       = {10.4230/LIPIcs.CPM.2020.15},
}

@Article{RosserS62,
  author    = {John Barkley Rosser and Lowell Schoenfeld},
  title     = {{Approximate formulas for some functions of prime numbers}},
  journal   = {Illinois Journal of Mathematics},
  year      = {1962},
  volume    = {6},
  number    = {1},
  pages     = {64--94},
  doi       = {10.1215/ijm/1255631807},
  publisher = {Duke University Press},
}

@InProceedings{Bringmann17,
  author    = {Karl Bringmann},
  title     = {A near-linear pseudopolynomial time algorithm for subset sum},
  booktitle = {2017 ACM-SIAM Symposium on Discrete Algorithms (SODA)},
  year      = {2017},
  pages     = {1073--1084},
  publisher = {{SIAM}},
  doi       = {10.1137/1.9781611974782.69},
}

@InProceedings{LokshtanovN10,
  author    = {Daniel Lokshtanov and Jesper Nederlof},
  title     = {Saving space by algebraization},
  booktitle = {ACM Symposium on Theory of Computing (STOC)},
  year      = {2010},
  pages     = {321--330},
  doi       = {10.1145/1806689.1806735},
}

@Article{Vuillemin80,
  author  = {Jean Vuillemin},
  title   = {A Unifying Look at Data Structures},
  journal = {Commun. {ACM}},
  year    = {1980},
  volume  = {23},
  number  = {4},
  pages   = {229--239},
}

@InProceedings{BenderF00,
  author    = {Michael A. Bender and Martin Farach{-}Colton},
  title     = {The {LCA} Problem Revisited},
  booktitle = {{LATIN} 2000: Theoretical Informatics, 4\textsuperscript{th} Latin American Symposium, Punta del Este, Uruguay, April 10-14, 2000, Proceedings},
  year      = {2000},
  editor    = {Gaston H. Gonnet and Daniel Panario and Alfredo Viola},
  volume    = {1776},
  series    = {Lecture Notes in Computer Science},
  pages     = {88--94},
  publisher = {Springer},
  doi       = {10.1007/10719839_9},
}

@InProceedings{HanT02,
  author    = {Yijie Han and Mikkel Thorup},
  title     = {Integer Sorting in $\mathcal{O}(n\sqrt{\log\log n})$ Expected Time and Linear Space},
  booktitle = {{FOCS}},
  year      = {2002},
  pages     = {135--144},
  publisher = {{IEEE} Computer Society},
}

@InProceedings{Farach1997,
  author    = {Martin Farach},
  title     = {Optimal Suffix Tree Construction with Large Alphabets},
  booktitle = {38\textsuperscript{th} Annual Symposium on Foundations of Computer Science, {FOCS} '97, Miami Beach, Florida, USA, October 19-22, 1997},
  year      = {1997},
  pages     = {137--143},
  publisher = {{IEEE} Computer Society},
  doi       = {10.1109/SFCS.1997.646102},
}

@InProceedings{CrochemoreIKKPR16,
  author    = {Maxime Crochemore and Costas S. Iliopoulos and Tomasz Kociumaka and Ritu Kundu and Solon P. Pissis and Jakub Radoszewski and Wojciech Rytter and Tomasz Walen},
  title     = {Near-Optimal Computation of Runs over General Alphabet via Non-Crossing {LCE} Queries},
  booktitle = {String Processing and Information Retrieval - 23\textsuperscript{rd} International Symposium, {SPIRE} 2016, Beppu, Japan, October 18-20, 2016, Proceedings},
  year      = {2016},
  editor    = {Shunsuke Inenaga and Kunihiko Sadakane and Tetsuya Sakai},
  volume    = {9954},
  series    = {Lecture Notes in Computer Science},
  pages     = {22--34},
  doi       = {10.1007/978-3-319-46049-9_3},
}

@Article{Currie05,
  author  = {James D. Currie},
  title   = {Pattern avoidance: themes and variations},
  journal = {Theor. Comput. Sci.},
  year    = {2005},
  volume  = {339},
  number  = {1},
  pages   = {7--18},
}

@Article{BeanEM1979,
  author    = {Dwight R. Bean and Andrzej Ehrenfeucht and George F. McNulty},
  title     = {{Avoidable patterns in strings of symbols.}},
  journal   = {Pacific Journal of Mathematics},
  year      = {1979},
  volume    = {85},
  number    = {2},
  pages     = {261--294},
  publisher = {Pacific Journal of Mathematics, A Non-profit Corporation},
}

@Article{thue1906,
  author  = {Thue, Alex},
  title   = {{\"U}ber unendliche {Z}eichenreihen},
  journal = {Norske Vid. Selsk. Skr., I Mat.--Nat. Kl., Christiania},
  year    = {1906},
  volume  = {7},
  pages   = {1--22},
}

@Article{Berstel1999,
  author  = {Jean Berstel and Luc Boasson},
  title   = {Partial Words and a Theorem of {Fine and Wilf}},
  journal = {Theor. Comput. Sci.},
  year    = {1999},
  volume  = {218},
  number  = {1},
  pages   = {135--141},
  doi     = {10.1016/S0304-3975(98)00255-2},
}

@Article{Tijdeman2003,
  author  = {Tijdeman, Robert and Zamboni, Luca},
  title   = {{Fine and Wilf} words for any periods},
  journal = {Indagationes Mathematicae},
  year    = {2003},
  volume  = {14},
  number  = {1},
  pages   = {135--147},
  issn    = {0019-3577},
  doi     = {10.1016/S0019-3577(03)90076-0},
}

@Article{Justin2000,
  author  = {Jacques Justin},
  title   = {On a paper by {Castelli, Mignosi, Restivo}},
  journal = {{RAIRO} Theor. Informatics Appl.},
  year    = {2000},
  volume  = {34},
  number  = {5},
  pages   = {373--377},
  doi     = {10.1051/ita:2000122},
}

@Article{Castelli1999,
  author  = {Maria Gabriella Castelli and Filippo Mignosi and Antonio Restivo},
  title   = {{Fine and Wilf}'s Theorem for Three Periods and a Generalization of {Sturmian} Words},
  journal = {Theor. Comput. Sci.},
  year    = {1999},
  volume  = {218},
  number  = {1},
  pages   = {83--94},
  doi     = {10.1016/S0304-3975(98)00251-5},
}

@InProceedings{Fine1965,
  author    = {N. J. Fine and Herbert S. Wilf},
  title     = {Uniqueness theorems for periodic functions},
  booktitle = {Proceedings of the American Mathematical Society},
  year      = {1965},
  volume    = {16},
  pages     = {109--114},
  doi       = {10.1090/S0002-9939-1965-0174934-9},
}

@Article{Apostolico2008,
  author  = {Alberto Apostolico and Raffaele Giancarlo},
  title   = {Periodicity and repetitions in parameterized strings},
  journal = {Discret. Appl. Math.},
  year    = {2008},
  volume  = {156},
  number  = {9},
  pages   = {1389--1398},
  doi     = {10.1016/j.dam.2006.11.017},
}

@Article{Kociumaka2017,
  author  = {Tomasz Kociumaka and Jakub Radoszewski and Wojciech Rytter},
  title   = {Fast algorithms for Abelian periods in words and greatest common divisor queries},
  journal = {J. Comput. Syst. Sci.},
  year    = {2017},
  volume  = {84},
  pages   = {205--218},
  doi     = {10.1016/j.jcss.2016.09.003},
}

@Article{Fici2016,
  author  = {Gabriele Fici and Thierry Lecroq and Arnaud Lefebvre and {\'{E}}lise Prieur{-}Gaston and William F. Smyth},
  title   = {A note on easy and efficient computation of full abelian periods of a word},
  journal = {Discret. Appl. Math.},
  year    = {2016},
  volume  = {212},
  pages   = {88--95},
  doi     = {10.1016/j.dam.2015.09.024},
}

@Article{Fici2014,
  author  = {Gabriele Fici and Thierry Lecroq and Arnaud Lefebvre and {\'{E}}lise Prieur{-}Gaston},
  title   = {Algorithms for computing Abelian periods of words},
  journal = {Discret. Appl. Math.},
  year    = {2014},
  volume  = {163},
  pages   = {287--297},
  doi     = {10.1016/j.dam.2013.08.021},
}

@Article{Crochemore2013,
  author  = {Maxime Crochemore and Costas S. Iliopoulos and Tomasz Kociumaka and Marcin Kubica and Jakub Pachocki and Jakub Radoszewski and Wojciech Rytter and Wojciech Tyczynski and Tomasz Walen},
  title   = {A note on efficient computation of all Abelian periods in a string},
  journal = {Inf. Process. Lett.},
  year    = {2013},
  volume  = {113},
  number  = {3},
  pages   = {74--77},
  doi     = {10.1016/j.ipl.2012.11.001},
}

@Article{Blanchet-Sadri2013,
  author  = {Francine Blanchet{-}Sadri and Sean Simmons and Amelia Tebbe and Amy Veprauskas},
  title   = {Abelian periods, partial words, and an extension of a theorem of {Fine and Wilf}},
  journal = {{RAIRO} Theor. Informatics Appl.},
  year    = {2013},
  volume  = {47},
  number  = {3},
  pages   = {215--234},
  doi     = {10.1051/ita/2013034},
}

@Article{Idiatulina2014,
  author  = {Lidia A. Idiatulina and Arseny M. Shur},
  title   = {Periodic Partial Words and Random Bipartite Graphs},
  journal = {Fundam. Informaticae},
  year    = {2014},
  volume  = {132},
  number  = {1},
  pages   = {15--31},
  doi     = {10.3233/FI-2014-1030},
}

@InProceedings{Shur2001,
  author    = {Arseny M. Shur and Yulia V. Konovalova},
  title     = {On the Periods of Partial Words},
  booktitle = {Mathematical Foundations of Computer Science 2001, 26\textsuperscript{th} International Symposium, {MFCS} 2001 Marianske Lazne, Czech Republic, August 27-31, 2001, Proceedings},
  year      = {2001},
  editor    = {Jir{\'{i}} Sgall and Ales Pultr and Petr Kolman},
  volume    = {2136},
  series    = {Lecture Notes in Computer Science},
  pages     = {657--665},
  publisher = {Springer},
  doi       = {10.1007/3-540-44683-4_57},
}

@Article{Shur2004,
  author    = {A M Shur and Yu V Gamzova},
  title     = {Partial words and the interaction property of periods},
  journal   = {Izvestiya: Mathematics},
  year      = {2004},
  volume    = {68},
  number    = {2},
  pages     = {405--428},
  doi       = {10.1070/im2004v068n02abeh000480},
  publisher = {{IOP} Publishing},
}

@Article{Blanchet-Sadri2002,
  author  = {Francine Blanchet{-}Sadri and Robert A. Hegstrom},
  title   = {Partial words and a theorem of {Fine and Wilf} revisited},
  journal = {Theor. Comput. Sci.},
  year    = {2002},
  volume  = {270},
  number  = {1-2},
  pages   = {401--419},
  doi     = {10.1016/S0304-3975(00)00407-2},
}

@Article{Blanchet-Sadri2008,
  author  = {Francine Blanchet{-}Sadri and Deepak Bal and Gautam Sisodia},
  title   = {Graph connectivity, partial words, and a theorem of {Fine and Wilf}},
  journal = {Inf. Comput.},
  year    = {2008},
  volume  = {206},
  number  = {5},
  pages   = {676--693},
  doi     = {10.1016/j.ic.2007.11.007},
}

@Article{Inoue2022,
  author  = {Hiroe Inoue and Yoshiaki Matsuoka and Yuto Nakashima and Shunsuke Inenaga and Hideo Bannai and Masayuki Takeda},
  title   = {Factorizing Strings into Repetitions},
  journal = {Theory Comput. Syst.},
  year    = {2022},
  volume  = {66},
  number  = {2},
  pages   = {484--501},
  doi     = {10.1007/s00224-022-10070-3},
}

@Article{Sugahara2021,
  author  = {Ryo Sugahara and Yuto Nakashima and Shunsuke Inenaga and Hideo Bannai and Masayuki Takeda},
  title   = {Efficiently computing runs on a trie},
  journal = {Theor. Comput. Sci.},
  year    = {2021},
  volume  = {887},
  pages   = {143--151},
  doi     = {10.1016/j.tcs.2021.07.011},
}

@InProceedings{Sugahara2019,
  author    = {Ryo Sugahara and Yuto Nakashima and Shunsuke Inenaga and Hideo Bannai and Masayuki Takeda},
  title     = {{Computing Runs on a Trie}},
  booktitle = {30\textsuperscript{th} Annual Symposium on Combinatorial Pattern Matching (CPM 2019)},
  year      = {2019},
  editor    = {Nadia Pisanti and Solon P. Pissis},
  volume    = {128},
  series    = {Leibniz International Proceedings in Informatics (LIPIcs)},
  pages     = {23:1--23:11},
  publisher = {Schloss Dagstuhl--Leibniz-Zentrum fuer Informatik},
  doi       = {10.4230/LIPIcs.CPM.2019.23},
  isbn      = {978-3-95977-103-0},
  issn      = {1868-8969},
}

@Article{Kosolobov2016,
  author  = {Dmitry Kosolobov},
  title   = {Computing runs on a general alphabet},
  journal = {Inf. Process. Lett.},
  year    = {2016},
  volume  = {116},
  number  = {3},
  pages   = {241--244},
  doi     = {10.1016/j.ipl.2015.11.016},
}

@InProceedings{Kosolobov2015,
  author    = {Dmitry Kosolobov},
  title     = {{Lempel-Ziv Factorization May Be Harder Than Computing All Runs}},
  booktitle = {32\textsuperscript{nd} International Symposium on Theoretical Aspects of Computer Science (STACS 2015)},
  year      = {2015},
  editor    = {Ernst W. Mayr and Nicolas Ollinger},
  volume    = {30},
  series    = {Leibniz International Proceedings in Informatics (LIPIcs)},
  pages     = {582--593},
  publisher = {Schloss Dagstuhl--Leibniz-Zentrum fuer Informatik},
  doi       = {10.4230/LIPIcs.STACS.2015.582},
  isbn      = {978-3-939897-78-1},
  issn      = {1868-8969},
}

@InProceedings{Kolpakov1999,
  author    = {Roman M. Kolpakov and Gregory Kucherov},
  title     = {Finding Maximal Repetitions in a Word in Linear Time},
  booktitle = {40\textsuperscript{th} Annual Symposium on Foundations of Computer Science, {FOCS} '99, 17-18 October, 1999, New York, NY, {USA}},
  year      = {1999},
  pages     = {596--604},
  publisher = {{IEEE} Computer Society},
  doi       = {10.1109/SFFCS.1999.814634},
}

@Article{Apostolico1996,
  author  = {Alberto Apostolico and Dany Breslauer},
  title   = {An Optimal $\mathcal{O}(\log\log N)$-Time Parallel Algorithm for Detecting All Squares in a String},
  journal = {{SIAM} J. Comput.},
  year    = {1996},
  volume  = {25},
  number  = {6},
  pages   = {1318--1331},
  doi     = {10.1137/S0097539793260404},
}

@Article{Merkurev2022,
  author  = {Oleg Merkurev and Arseny M. Shur},
  title   = {Computing The Maximum Exponent in a Stream},
  journal = {Algorithmica},
  year    = {2022},
  volume  = {84},
  number  = {3},
  pages   = {742--756},
  doi     = {10.1007/s00453-021-00883-y},
}

@InProceedings{Kosolobov2015a,
  author    = {Dmitry Kosolobov},
  title     = {Online Detection of Repetitions with Backtracking},
  booktitle = {Combinatorial Pattern Matching - 26\textsuperscript{th} Annual Symposium, {CPM} 2015, Ischia Island, Italy, June 29 - July 1, 2015, Proceedings},
  year      = {2015},
  editor    = {Ferdinando Cicalese and Ely Porat and Ugo Vaccaro},
  volume    = {9133},
  series    = {Lecture Notes in Computer Science},
  pages     = {295--306},
  publisher = {Springer},
  doi       = {10.1007/978-3-319-19929-0_25},
}

@Article{Kosolobov2014,
  author     = {Dmitry Kosolobov},
  title      = {Online Square Detection},
  journal    = {CoRR},
  year       = {2014},
  volume     = {abs/1411.2022},
  eprint     = {1411.2022},
  eprinttype = {arXiv},
}

@Article{Hong2008,
  author  = {Jin{-}Ju Hong and Gen{-}Huey Chen},
  title   = {Efficient on-line repetition detection},
  journal = {Theor. Comput. Sci.},
  year    = {2008},
  volume  = {407},
  number  = {1-3},
  pages   = {554--563},
  doi     = {10.1016/j.tcs.2008.08.038},
}

@InProceedings{Amir2020,
  author    = {Amihood Amir and Ayelet Butman and Gad M. Landau and Shoshana Marcus and Dina Sokol},
  title     = {{Double String Tandem Repeats}},
  booktitle = {31\textsuperscript{st} Annual Symposium on Combinatorial Pattern Matching (CPM 2020)},
  year      = {2020},
  editor    = {Inge Li G{\o}rtz and Oren Weimann},
  volume    = {161},
  series    = {Leibniz International Proceedings in Informatics (LIPIcs)},
  pages     = {3:1--3:13},
  publisher = {Schloss Dagstuhl--Leibniz-Zentrum f{\"u}r Informatik},
  doi       = {10.4230/LIPIcs.CPM.2020.3},
  isbn      = {978-3-95977-149-8},
  issn      = {1868-8969},
}

@Article{Liu2009,
  author  = {J. J. Liu and G. S. Huang and Y. L. Wang},
  title   = {A fast algorithm for finding the positions of all squares in a run-length encoded string},
  journal = {Theor. Comput. Sci.},
  year    = {2009},
  volume  = {410},
  number  = {38-40},
  pages   = {3942--3948},
  doi     = {10.1016/j.tcs.2009.05.032},
}

@Article{Main1984,
  author  = {Michael G. Main and Richard J. Lorentz},
  title   = {An $\mathcal{O}(n\log n)$ Algorithm for Finding All Repetitions in a String},
  journal = {J. Algorithms},
  year    = {1984},
  volume  = {5},
  number  = {3},
  pages   = {422--432},
  doi     = {10.1016/0196-6774(84)90021-X},
}

@Article{Crochemore1981,
  author  = {Maxime Crochemore},
  title   = {An Optimal Algorithm for Computing the Repetitions in a Word},
  journal = {Inf. Process. Lett.},
  year    = {1981},
  volume  = {12},
  number  = {5},
  pages   = {244--250},
  doi     = {10.1016/0020-0190(81)90024-7},
}

@Article{Apostolico1983,
  author  = {Alberto Apostolico and Franco P. Preparata},
  title   = {Optimal Off-Line Detection of Repetitions in a String},
  journal = {Theor. Comput. Sci.},
  year    = {1983},
  volume  = {22},
  pages   = {297--315},
  doi     = {10.1016/0304-3975(83)90109-3},
}

@InProceedings{Kosaraju1994,
  author    = {S. Rao Kosaraju},
  title     = {Computation of Squares in a String (Preliminary Version)},
  booktitle = {Combinatorial Pattern Matching, 5\textsuperscript{th} Annual Symposium, {CPM} 94, Asilomar, California, USA, June 5-8, 1994, Proceedings},
  year      = {1994},
  editor    = {Maxime Crochemore and Dan Gusfield},
  volume    = {807},
  series    = {Lecture Notes in Computer Science},
  pages     = {146--150},
  publisher = {Springer},
  doi       = {10.1007/3-540-58094-8_13},
}

@Article{Crochemore1986,
  author  = {Maxime Crochemore},
  title   = {Transducers and Repetitions},
  journal = {Theor. Comput. Sci.},
  year    = {1986},
  volume  = {45},
  number  = {1},
  pages   = {63--86},
  doi     = {10.1016/0304-3975(86)90041-1},
}

@InProceedings{Main1985,
  author    = {Main, Michael G. and Lorentz, Richard J.},
  title     = {Linear Time Recognition of Squarefree Strings},
  booktitle = {Combinatorial Algorithms on Words},
  year      = {1985},
  editor    = {Apostolico, Alberto and Galil, Zvi},
  pages     = {271--278},
  publisher = {Springer Berlin Heidelberg},
  doi       = {10.1007/978-3-642-82456-2_18},
  isbn      = {978-3-642-82456-2},
}

@Article{Kociumaka2022,
  author  = {Tomasz Kociumaka and Jakub Radoszewski and Wojciech Rytter and Tomasz Walen},
  title   = {A periodicity lemma for partial words},
  journal = {Inf. Comput.},
  year    = {2022},
  volume  = {283},
  pages   = {104677},
  doi     = {10.1016/j.ic.2020.104677},
}

@Article{Li2022,
  author     = {Li, Shuo and Pachocki, Jakub and Radoszewski, Jakub},
  title      = {A note on the maximum number of $k$-powers in a finite word},
  journal    = {CoRR},
  year       = {2022},
  volume     = {abs/2205.10156},
  eprint     = {2205.10156},
  eprinttype = {arXiv},
}

@Article{Brlek2022,
  author     = {Brlek, Srecko and Li, Shuo},
  title      = {On the number of squares in a finite word},
  journal    = {CoRR},
  year       = {2022},
  volume     = {abs/2204.10204},
  eprint     = {2204.10204},
  eprinttype = {arXiv},
}

@Article{Thierry2020,
  author     = {Thierry, Adrien},
  title      = {A proof that a word of length $n$ has less than $1.5n$ distinct squares},
  journal    = {CoRR},
  year       = {2020},
  volume     = {abs/2001.02996},
  eprint     = {2001.02996},
  eprinttype = {arXiv},
}

@Article{Deza2015,
  author  = {Antoine Deza and Frantisek Franek and Adrien Thierry},
  title   = {How many double squares can a string contain?},
  journal = {Discret. Appl. Math.},
  year    = {2015},
  volume  = {180},
  pages   = {52--69},
  doi     = {10.1016/j.dam.2014.08.016},
}

@Article{Ilie2007,
  author  = {Lucian Ilie},
  title   = {A note on the number of squares in a word},
  journal = {Theor. Comput. Sci.},
  year    = {2007},
  volume  = {380},
  number  = {3},
  pages   = {373--376},
  doi     = {10.1016/j.tcs.2007.03.025},
}

@Article{Fraenkel1998,
  author  = {Aviezri S. Fraenkel and Jamie Simpson},
  title   = {How Many Squares Can a String Contain?},
  journal = {J. Comb. Theory, Ser. {A}},
  year    = {1998},
  volume  = {82},
  number  = {1},
  pages   = {112--120},
  doi     = {10.1006/jcta.1997.2843},
}

@Article{Simpson2010,
  author  = {Jamie Simpson},
  title   = {Modified {Padovan} words and the maximum number of runs in a word},
  journal = {Australas. {J} Comb.},
  year    = {2010},
  volume  = {46},
  pages   = {129--146},
}

@InProceedings{Matsubara2009,
  author    = {Wataru Matsubara and Kazuhiko Kusano and Hideo Bannai and Ayumi Shinohara},
  title     = {A Series of Run-Rich Strings},
  booktitle = {Language and Automata Theory and Applications, Third International Conference, {LATA} 2009, Tarragona, Spain, April 2-8, 2009. Proceedings},
  year      = {2009},
  editor    = {Adrian{-}Horia Dediu and Armand{-}Mihai Ionescu and Carlos Mart{\'{i}}n{-}Vide},
  volume    = {5457},
  series    = {Lecture Notes in Computer Science},
  pages     = {578--587},
  publisher = {Springer},
  doi       = {10.1007/978-3-642-00982-2_49},
}

@InProceedings{Matsubara2008,
  author    = {Wataru Matsubara and Kazuhiko Kusano and Akira Ishino and Hideo Bannai and Ayumi Shinohara},
  title     = {New Lower Bounds for the Maximum Number of Runs in a String},
  booktitle = {Proceedings of the Prague Stringology Conference 2008, Prague, Czech Republic, September 1-3, 2008},
  year      = {2008},
  editor    = {Jan Holub and Jan Zd{\'{a}}rek},
  pages     = {140--145},
  publisher = {Prague Stringology Club, Department of Computer Science and Engineering, Faculty of Electrical Engineering, Czech Technical University in Prague},
}

@Article{Franek2008,
  author  = {Frantisek Franek and Qian Yang},
  title   = {An asymptotic Lower Bound for the Maximal Number of Runs in a String},
  journal = {Int. J. Found. Comput. Sci.},
  year    = {2008},
  volume  = {19},
  number  = {1},
  pages   = {195--203},
  doi     = {10.1142/S0129054108005620},
}

@Article{Holub2017,
  author  = {Stepan Holub},
  title   = {Prefix frequency of lost positions},
  journal = {Theor. Comput. Sci.},
  year    = {2017},
  volume  = {684},
  pages   = {43--52},
  doi     = {10.1016/j.tcs.2017.01.026},
}

@InProceedings{Fischer2015,
  author    = {Johannes Fischer and Stepan Holub and Tomohiro I and Moshe Lewenstein},
  title     = {Beyond the Runs Theorem},
  booktitle = {String Processing and Information Retrieval - 22\textsuperscript{nd} International Symposium, {SPIRE} 2015, London, UK, September 1-4, 2015, Proceedings},
  year      = {2015},
  editor    = {Costas S. Iliopoulos and Simon J. Puglisi and Emine Yilmaz},
  volume    = {9309},
  series    = {Lecture Notes in Computer Science},
  pages     = {277--286},
  publisher = {Springer},
  doi       = {10.1007/978-3-319-23826-5_27},
}

@Article{Bannai2017,
  author  = {Hideo Bannai and Tomohiro I and Shunsuke Inenaga and Yuto Nakashima and Masayuki Takeda and Kazuya Tsuruta},
  title   = {The "Runs" Theorem},
  journal = {{SIAM} J. Comput.},
  year    = {2017},
  volume  = {46},
  number  = {5},
  pages   = {1501--1514},
  doi     = {10.1137/15M1011032},
}

@Article{Crochemore2011,
  author  = {Maxime Crochemore and Lucian Ilie and Liviu Tinta},
  title   = {The "runs" conjecture},
  journal = {Theor. Comput. Sci.},
  year    = {2011},
  volume  = {412},
  number  = {27},
  pages   = {2931--2941},
  doi     = {10.1016/j.tcs.2010.06.019},
}

@Article{Giraud2009,
  author  = {Mathieu Giraud},
  title   = {Asymptotic behavior of the numbers of runs and microruns},
  journal = {Inf. Comput.},
  year    = {2009},
  volume  = {207},
  number  = {11},
  pages   = {1221--1228},
  doi     = {10.1016/j.ic.2009.02.007},
}

@InProceedings{Giraud2008,
  author    = {Mathieu Giraud},
  title     = {Not So Many Runs in Strings},
  booktitle = {Language and Automata Theory and Applications, Second International Conference, {LATA} 2008, Tarragona, Spain, March 13-19, 2008. Revised Papers},
  year      = {2008},
  editor    = {Carlos Mart{\'{i}}n{-}Vide and Friedrich Otto and Henning Fernau},
  volume    = {5196},
  series    = {Lecture Notes in Computer Science},
  pages     = {232--239},
  publisher = {Springer},
  doi       = {10.1007/978-3-540-88282-4_22},
}

@Article{Crochemore2008,
  author  = {Maxime Crochemore and Lucian Ilie},
  title   = {Maximal repetitions in strings},
  journal = {J. Comput. Syst. Sci.},
  year    = {2008},
  volume  = {74},
  number  = {5},
  pages   = {796--807},
  doi     = {10.1016/j.jcss.2007.09.003},
}

@Article{Puglisi2008,
  author  = {Simon J. Puglisi and Jamie Simpson and William F. Smyth},
  title   = {How many runs can a string contain?},
  journal = {Theor. Comput. Sci.},
  year    = {2008},
  volume  = {401},
  number  = {1-3},
  pages   = {165--171},
  doi     = {10.1016/j.tcs.2008.04.020},
}

@InProceedings{Rytter2006,
  author    = {Wojciech Rytter},
  title     = {The Number of Runs in a String: Improved Analysis of the Linear Upper Bound},
  booktitle = {{STACS} 2006, 23\textsuperscript{rd} Annual Symposium on Theoretical Aspects of Computer Science, Marseille, France, February 23-25, 2006, Proceedings},
  year      = {2006},
  editor    = {Bruno Durand and Wolfgang Thomas},
  volume    = {3884},
  series    = {Lecture Notes in Computer Science},
  pages     = {184--195},
  publisher = {Springer},
  doi       = {10.1007/11672142_14},
}

@InProceedings{Amir2012,
  author    = {Amihood Amir and Avivit Levy},
  title     = {Approximate Period Detection and Correction},
  booktitle = {String Processing and Information Retrieval - 19\textsuperscript{th} International Symposium, {SPIRE} 2012, Cartagena de Indias, Colombia, October 21-25, 2012. Proceedings},
  year      = {2012},
  editor    = {Liliana Calder{\'{o}}n{-}Benavides and Cristina N. Gonz{\'{a}}lez{-}Caro and Edgar Ch{\'{a}}vez and Nivio Ziviani},
  volume    = {7608},
  series    = {Lecture Notes in Computer Science},
  pages     = {1--15},
  publisher = {Springer},
  doi       = {10.1007/978-3-642-34109-0_1},
}

@Article{Matsuoka2016,
  author  = {Yoshiaki Matsuoka and Takahiro Aoki and Shunsuke Inenaga and Hideo Bannai and Masayuki Takeda},
  title   = {Generalized pattern matching and periodicity under substring consistent equivalence relations},
  journal = {Theor. Comput. Sci.},
  year    = {2016},
  volume  = {656},
  pages   = {225--233},
  doi     = {10.1016/j.tcs.2016.02.017},
}

@Article{Constantinescu2006,
  author  = {Constantinescu, Sorin and Ilie, Lucian},
  title   = {{Fine and Wilf's} theorem for abelian periods},
  journal = {Bulletin of the EATCS},
  year    = {2006},
  volume  = {89},
  pages   = {167--170},
  month   = jan,
}

@Article{Kociumaka2017a,
  author    = {Tomasz Kociumaka and and Jakub Radoszewski and Bart{\l}omiej Wi{\'{s}}niewski},
  title     = {Subquadratic-Time Algorithms for Abelian Stringology Problems},
  journal   = {{AIMS} Medical Science},
  year      = {2017},
  volume    = {4},
  number    = {3},
  pages     = {332--351},
  doi       = {10.3934/ms.2017.3.332},
  publisher = {American Institute of Mathematical Sciences ({AIMS})},
}

@InProceedings{Ellert2021,
  author    = {Ellert, Jonas and Fischer, Johannes},
  title     = {{Linear Time Runs Over General Ordered Alphabets}},
  booktitle = {48\textsuperscript{th} International Colloquium on Automata, Languages, and Programming (ICALP 2021)},
  year      = {2021},
  editor    = {Bansal, Nikhil and Merelli, Emanuela and Worrell, James},
  volume    = {198},
  series    = {Leibniz International Proceedings in Informatics (LIPIcs)},
  pages     = {63:1--63:16},
  publisher = {Schloss Dagstuhl -- Leibniz-Zentrum f{\"u}r Informatik},
  doi       = {10.4230/LIPIcs.ICALP.2021.63},
  isbn      = {978-3-95977-195-5},
  issn      = {1868-8969},
}

@Article{Kolpakov2003,
  author  = {Roman M. Kolpakov and Ghizlane Bana and Gregory Kucherov},
  title   = {mreps: efficient and flexible detection of tandem repeats in {DNA}},
  journal = {Nucleic Acids Res.},
  year    = {2003},
  volume  = {31},
  number  = {13},
  pages   = {3672--3678},
  doi     = {10.1093/nar/gkg617},
}

@Article{Crochemore1983,
  author  = {Crochemore, Maxime},
  title   = {Recherche lineaire d'un carre dans un mot},
  journal = {C. R. Acad. Sci. Paris Ser. I},
  year    = {1983},
  volume  = {296},
  month   = jan,
}

@Article{Crochemore2008a,
  author  = {Maxime Crochemore and Lucian Ilie},
  title   = {Computing Longest Previous Factor in linear time and applications},
  journal = {Inf. Process. Lett.},
  year    = {2008},
  volume  = {106},
  number  = {2},
  pages   = {75--80},
  doi     = {10.1016/j.ipl.2007.10.006},
}

@Article{Kaerkkaeinen2006,
  author  = {Juha K{\"{a}}rkk{\"{a}}inen and Peter Sanders and Stefan Burkhardt},
  title   = {Linear work suffix array construction},
  journal = {J. {ACM}},
  year    = {2006},
  volume  = {53},
  number  = {6},
  pages   = {918--936},
  doi     = {10.1145/1217856.1217858},
}

@InProceedings{Allouche1998,
  author    = {Jean{-}Paul Allouche and Jeffrey O. Shallit},
  title     = {The Ubiquitous {Prouhet-Thue-Morse Sequence}},
  booktitle = {Sequences and their Applications - Proceedings of {SETA} 1998, Singapore, December 14-17, 1998},
  year      = {1998},
  editor    = {Cunsheng Ding and Tor Helleseth and Harald Niederreiter},
  series    = {Discrete Mathematics and Theoretical Computer Science},
  pages     = {1--16},
  publisher = {Springer},
  doi       = {10.1007/978-1-4471-0551-0_1},
}

@Book{Cover2006,
  title     = {Elements of information theory},
  publisher = {Wiley},
  year      = {2006},
  author    = {Thomas M. Cover and Joy A. Thomas},
  edition   = {2\textsuperscript{nd}},
  isbn      = {978-0-471-24195-9},
  url       = {http://www.elementsofinformationtheory.com/},
}

@Article{Maekawa1985,
  author  = {Mamoru Maekawa},
  title   = {A $\sqrt{N}$ Algorithm for Mutual Exclusion in Decentralized Systems},
  journal = {{ACM} Trans. Comput. Syst.},
  year    = {1985},
  volume  = {3},
  number  = {2},
  pages   = {145--159},
}

@InProceedings{Gawrychowski2016,
  author    = {Pawel Gawrychowski and Tomasz Kociumaka and Wojciech Rytter and Tomasz Walen},
  title     = {Faster Longest Common Extension Queries in Strings over General Alphabets},
  booktitle = {27\textsuperscript{th} Annual Symposium on Combinatorial Pattern Matching, {CPM} 2016, June 27-29, 2016, Tel Aviv, Israel},
  year      = {2016},
  editor    = {Roberto Grossi and Moshe Lewenstein},
  volume    = {54},
  series    = {LIPIcs},
  pages     = {5:1--5:13},
  publisher = {Schloss Dagstuhl - Leibniz-Zentrum f{\"{u}}r Informatik},
  doi       = {10.4230/LIPIcs.CPM.2016.5},
}

@InProceedings{Charalampopoulos2020,
  author    = {Panagiotis Charalampopoulos and Pawel Gawrychowski and Karol Pokorski},
  title     = {Dynamic Longest Common Substring in Polylogarithmic Time},
  booktitle = {47\textsuperscript{th} International Colloquium on Automata, Languages, and Programming, {ICALP} 2020, July 8-11, 2020, Saarbr{\"{u}}cken, Germany (Virtual Conference)},
  year      = {2020},
  editor    = {Artur Czumaj and Anuj Dawar and Emanuela Merelli},
  volume    = {168},
  series    = {LIPIcs},
  pages     = {27:1--27:19},
  publisher = {Schloss Dagstuhl - Leibniz-Zentrum f{\"{u}}r Informatik},
  doi       = {10.4230/LIPIcs.ICALP.2020.27},
}

@Article{Fischer2018,
  author  = {Johannes Fischer and Tomohiro I and Dominik K{\"{o}}ppl and Kunihiko Sadakane},
  title   = {{Lempel-Ziv} Factorization Powered by Space Efficient Suffix Trees},
  journal = {Algorithmica},
  year    = {2018},
  volume  = {80},
  number  = {7},
  pages   = {2048--2081},
  doi     = {10.1007/s00453-017-0333-1},
}

@InProceedings{Kempa2019,
  author    = {Dominik Kempa and Tomasz Kociumaka},
  title     = {String synchronizing sets: sublinear-time {BWT} construction and optimal {LCE} data structure},
  booktitle = {Proceedings of the 51\textsuperscript{st} Annual {ACM} {SIGACT} Symposium on Theory of Computing, {STOC} 2019, Phoenix, AZ, USA, June 23-26, 2019},
  year      = {2019},
  editor    = {Moses Charikar and Edith Cohen},
  pages     = {756--767},
  publisher = {{ACM}},
  doi       = {10.1145/3313276.3316368},
}

@InProceedings{Gabow1990,
  author    = {Harold N. Gabow},
  title     = {Data Structures for Weighted Matching and Nearest Common Ancestors with Linking},
  booktitle = {Proceedings of the First Annual {ACM-SIAM} Symposium on Discrete Algorithms, 22-24 January 1990, San Francisco, California, {USA}},
  year      = {1990},
  editor    = {David S. Johnson},
  pages     = {434--443},
  publisher = {{SIAM}},
}

@Article{Duval2014,
  author  = {Jean{-}Pierre Duval and Thierry Lecroq and Arnaud Lefebvre},
  title   = {Linear computation of unbordered conjugate on unordered alphabet},
  journal = {Theor. Comput. Sci.},
  year    = {2014},
  volume  = {522},
  pages   = {77--84},
  doi     = {10.1016/j.tcs.2013.12.008},
}

@Article{Kosolobov2016a,
  author  = {Dmitry Kosolobov},
  title   = {Finding the leftmost critical factorization on unordered alphabet},
  journal = {Theor. Comput. Sci.},
  year    = {2016},
  volume  = {636},
  pages   = {56--65},
  doi     = {10.1016/j.tcs.2016.04.037},
}

@InProceedings{Kosolobov2013,
  author    = {Dmitry Kosolobov and Mikhail Rubinchik and Arseny M. Shur},
  title     = {Finding Distinct Subpalindromes Online},
  booktitle = {Proceedings of the Prague Stringology Conference 2013, Prague, Czech Republic, September 2-4, 2013},
  year      = {2013},
  editor    = {Jan Holub and Jan Zd{\'{a}}rek},
  pages     = {63--69},
  publisher = {Department of Theoretical Computer Science, Faculty of Information Technology, Czech Technical University in Prague},
}

@PhdThesis{Breslauer1992,
  author = {Dany Breslauer},
  title  = {Efficient String Algorithmics},
  school = {Columbia University},
  year   = {1992},
}

@Article{DBLP:journals/corr/abs-2207-0091,
  author     = {Zoe Xi and William Kuszmaul},
  title      = {Approximating Dynamic Time Warping Distance Between Run-Length Encoded Strings},
  journal    = {CoRR},
  year       = {2022},
  volume     = {abs/2207.00915},
  doi        = {10.48550/arXiv.2207.00915},
  eprint     = {2207.00915},
  eprinttype = {arXiv},
}

@Article{10.1093/bioinformatics/bty191,
  author  = {Li, Heng},
  title   = {{Minimap2: pairwise alignment for nucleotide sequences}},
  journal = {Bioinformatics},
  year    = {2018},
  volume  = {34},
  number  = {18},
  pages   = {3094--3100},
  month   = may,
  issn    = {1367-4803},
  doi     = {10.1093/bioinformatics/bty191},
}

@Misc{https://doi.org/10.48550/arxiv.1303.3997,
  author    = {Li, Heng},
  title     = {Aligning sequence reads, clone sequences and assembly contigs with BWA-MEM},
  year      = {2013},
  copyright = {arXiv.org perpetual, non-exclusive license},
  doi       = {10.48550/ARXIV.1303.3997},
  keywords  = {Genomics (q-bio.GN), FOS: Biological sciences, FOS: Biological sciences},
  publisher = {arXiv},
}

@Article{LV97,
  author  = {Gad M. Landau and Uzi Vishkin},
  title   = {Fast String Matching with k Differences},
  journal = {Journal of Computer and System Sciences},
  year    = {1988},
  volume  = {37},
  number  = {1},
  pages   = {63--78},
  doi     = {10.1016/0022-0000(88)90045-1},
}

@Article{LMS98,
  author  = {Gad M. Landau and Eugene W. Myers and Jeanette P. Schmidt},
  title   = {Incremental String Comparison},
  journal = {SIAM Journal on Computing},
  year    = {1998},
  volume  = {27},
  number  = {2},
  pages   = {557--582},
  doi     = {10.1137/S0097539794264810},
}

@InProceedings{ANN,
  author    = {Ioannis Z. Emiris and Ioannis Psarros},
  title     = {{Products of Euclidean Metrics and Applications to Proximity Questions among Curves}},
  booktitle = {SoCG'18},
  year      = {2018},
  volume    = {99},
  series    = {LIPIcs},
  pages     = {37:1--37:13},
  annote    = {Keywords: Approximate nearest neighbor, polygonal curves, Fr{\'e}chet distance, dynamic time warping},
  doi       = {10.4230/LIPIcs.SoCG.2018.37},
  isbn      = {978-3-95977-066-8},
  issn      = {1868-8969},
  urn       = {urn:nbn:de:0030-drops-87504},
}

@InProceedings{LSH,
  author    = {Anne Driemel and Francesco Silvestri},
  title     = {{Locality-Sensitive Hashing of Curves}},
  booktitle = {SoCG'17},
  year      = {2017},
  volume    = {77},
  series    = {LIPIcs},
  pages     = {37:1--37:16},
  annote    = {Keywords: Locality-Sensitive Hashing, Frechet distance, Dynamic Time Warping},
  doi       = {10.4230/LIPIcs.SoCG.2017.37},
  isbn      = {978-3-95977-038-5},
  issn      = {1868-8969},
  urn       = {urn:nbn:de:0030-drops-72032},
}

@Article{DBLP:journals/jcss/FakcharoenpholRT04,
  author  = {Jittat Fakcharoenphol and Satish Rao and Kunal Talwar},
  title   = {A tight bound on approximating arbitrary metrics by tree metrics},
  journal = {J. Comput. Syst. Sci.},
  year    = {2004},
  volume  = {69},
  number  = {3},
  pages   = {485--497},
  doi     = {10.1016/j.jcss.2004.04.011},
}

@Article{DBLP:journals/jacm/BansalBMN15,
  author  = {Nikhil Bansal and Niv Buchbinder and Aleksander Madry and Joseph Naor},
  title   = {A Polylogarithmic-Competitive Algorithm for the \emph{k}-Server Problem},
  journal = {J. {ACM}},
  year    = {2015},
  volume  = {62},
  number  = {5},
  pages   = {40:1--40:49},
  doi     = {10.1145/2783434},
}

@Article{DBLP:journals/corr/abs-2101-01108,
  author     = {William Kuszmaul},
  title      = {Binary Dynamic Time Warping in Linear Time},
  journal    = {CoRR},
  year       = {2021},
  volume     = {abs/2101.01108},
  eprint     = {2101.01108},
  eprinttype = {arXiv},
}

@Article{DBLP:journals/talg/GoldS18,
  author  = {Omer Gold and Micha Sharir},
  title   = {Dynamic Time Warping and Geometric Edit Distance: Breaking the Quadratic Barrier},
  journal = {{ACM} Trans. Algorithms},
  year    = {2018},
  volume  = {14},
  number  = {4},
  pages   = {50:1--50:17},
  doi     = {10.1145/3230734},
}

@Article{sakoe1978dynamic,
  author    = {Sakoe, Hiroaki and Chiba, Seibi},
  title     = {Dynamic programming algorithm optimization for spoken word recognition},
  journal   = {IEEE transactions on acoustics, speech, and signal processing},
  year      = {1978},
  volume    = {26},
  number    = {1},
  pages     = {43--49},
  publisher = {IEEE},
}

@InProceedings{hwang2017sparse,
  author    = {Hwang, Youngha and Gelfand, Saul B},
  title     = {Sparse dynamic time warping},
  booktitle = {MLDM'17},
  year      = {2017},
  volume    = {10358},
  series    = {LNCS},
  pages     = {163--175},
}

@Article{DBLP:journals/corr/abs-1903-03003,
  author     = {Vincent Froese and Brijnesh J. Jain and Maciej Rymar and Mathias Weller},
  title      = {Fast Exact Dynamic Time Warping on Run-Length Encoded Time Series},
  journal    = {CoRR},
  year       = {2019},
  volume     = {abs/1903.03003},
  eprint     = {1903.03003},
  eprinttype = {arXiv},
}

@InProceedings{DBLP:conf/focs/AbboudBW15,
  author    = {Amir Abboud and Arturs Backurs and Virginia Vassilevska Williams},
  title     = {Tight Hardness Results for {LCS} and Other Sequence Similarity Measures},
  booktitle = {FOCS'15},
  year      = {2015},
  pages     = {59--78},
  publisher = {{IEEE} Computer Society},
  doi       = {10.1109/FOCS.2015.14},
}

@InProceedings{DBLP:conf/pkdd/DupontM15a,
  author    = {Marc Dupont and Pierre{-}Fran{\c{c}}ois Marteau},
  title     = {Coarse-{DTW} for Sparse Time Series Alignment},
  booktitle = {{AALTD}'15},
  year      = {2015},
  volume    = {9785},
  series    = {LNCS},
  pages     = {157--172},
  doi       = {10.1007/978-3-319-44412-3_11},
}

@InProceedings{DBLP:conf/mldm/HwangG19,
  author    = {Youngha Hwang and Saul B. Gelfand},
  title     = {Binary Sparse Dynamic Time Warping},
  booktitle = {{MLDM}'19},
  year      = {2019},
  pages     = {748--759},
  publisher = {ibai Publishing},
}

@InProceedings{mueen2016awarp,
  author       = {Mueen, Abdullah and Chavoshi, Nikan and Abu-El-Rub, Noor and Hamooni, Hossein and Minnich, Amanda},
  title        = {Awarp: fast warping distance for sparse time series},
  booktitle    = {ICDM'16},
  year         = {2016},
  pages        = {350--359},
  organization = {IEEE},
}

@Article{DBLP:journals/siamdm/BulteauFN20,
  author  = {Laurent Bulteau and Vincent Froese and Rolf Niedermeier},
  title   = {Tight Hardness Results for Consensus Problems on Circular Strings and Time Series},
  journal = {{SIAM} J. Discret. Math.},
  year    = {2020},
  volume  = {34},
  number  = {3},
  pages   = {1854--1883},
  doi     = {10.1137/19M1255781},
}

@InProceedings{DBLP:conf/isaac/SakaiI20,
  author    = {Yoshifumi Sakai and Shunsuke Inenaga},
  title     = {A Reduction of the Dynamic Time Warping Distance to the Longest Increasing Subsequence Length},
  booktitle = {{ISAAC}'20},
  year      = {2020},
  volume    = {181},
  series    = {LIPIcs},
  pages     = {6:1--6:16},
  doi       = {10.4230/LIPIcs.ISAAC.2020.6},
}

@InProceedings{DBLP:conf/spire/NishiNIBT20,
  author    = {Akihiro Nishi and Yuto Nakashima and Shunsuke Inenaga and Hideo Bannai and Masayuki Takeda},
  title     = {Towards Efficient Interactive Computation of Dynamic Time Warping Distance},
  booktitle = {{SPIRE}'20},
  year      = {2020},
  volume    = {12303},
  series    = {LNCS},
  pages     = {27--41},
  doi       = {10.1007/978-3-030-59212-7_3},
}

@InProceedings{DBLP:conf/compgeom/BravermanCKWY19,
  author    = {Vladimir Braverman and Moses Charikar and William Kuszmaul and David P. Woodruff and Lin F. Yang},
  title     = {The One-Way Communication Complexity of Dynamic Time Warping Distance},
  booktitle = {SoCG'19},
  year      = {2019},
  volume    = {129},
  series    = {LIPIcs},
  pages     = {16:1--16:15},
  doi       = {10.4230/LIPIcs.SoCG.2019.16},
}

@InProceedings{treedepth,
  author    = {Bansal, Nikhil and Buchbinder, Niv and Madry, Aleksander and Naor, Joseph},
  title     = {A Polylogarithmic-Competitive Algorithm for the k-Server Problem},
  booktitle = {FOCS'11},
  year      = {2011},
  pages     = {267--276},
  doi       = {10.1109/FOCS.2011.63},
}

@Article{huang_homopolish_2021,
  author       = {Huang, Yao-Ting and Liu, Po-Yu and Shih, Pei-Wen},
  title        = {Homopolish: a method for the removal of systematic errors in nanopore sequencing by homologous polishing},
  journal      = {Genome Biology},
  year         = {2021},
  volume       = {22},
  number       = {1},
  pages        = {95},
  issn         = {1474-760X},
  date         = {2021-03-31},
  doi          = {10.1186/s13059-021-02282-6},
  journaltitle = {Genome Biology},
  keywords     = {Genome polishing, Nanopore sequencing},
  shortjournal = {Genome Biology},
  shorttitle   = {Homopolish},
  urldate      = {2021-08-23},
}

@Article{mahmoud2019structural,
  author    = {Mahmoud, Medhat and Gobet, Nastassia and Cruz-D{\'a}valos, Diana Ivette and Mounier, Ninon and Dessimoz, Christophe and Sedlazeck, Fritz J},
  title     = {Structural variant calling: the long and the short of it},
  journal   = {Genome biology},
  year      = {2019},
  volume    = {20},
  number    = {1},
  pages     = {1--14},
  publisher = {Springer},
}

@InCollection{gonzalez2016introduction,
  author    = {Gonzalez-Garay, Manuel L},
  title     = {Introduction to isoform sequencing using pacific biosciences technology (Iso-Seq)},
  booktitle = {Transcriptomics and gene regulation},
  publisher = {Springer},
  year      = {2016},
  pages     = {141--160},
}

@Article{amarasinghe2020opportunities,
  author    = {Amarasinghe, Shanika L and Su, Shian and Dong, Xueyi and Zappia, Luke and Ritchie, Matthew E and Gouil, Quentin},
  title     = {Opportunities and challenges in long-read sequencing data analysis},
  journal   = {Genome biology},
  year      = {2020},
  volume    = {21},
  number    = {1},
  pages     = {1--16},
  publisher = {BioMed Central},
}

@Article{DBLP:journals/algorithmica/ChanHMZ17,
  author  = {Timothy M. Chan and Meng He and J. Ian Munro and Gelin Zhou},
  title   = {Succinct Indices for Path Minimum, with Applications},
  journal = {Algorithmica},
  year    = {2017},
  volume  = {78},
  number  = {2},
  pages   = {453--491},
  doi     = {10.1007/s00453-016-0170-7},
}

@InProceedings{embedding,
  author    = {Fakcharoenphol, Jittat and Rao, Satish and Talwar, Kunal},
  title     = {A Tight Bound on Approximating Arbitrary Metrics by Tree Metrics},
  booktitle = {STOC'03},
  year      = {2003},
  pages     = {448--455},
  doi       = {10.1145/780542.780608},
  isbn      = {1581136749},
  numpages  = {8},
}

@Article{10.1093/molbev/msp063,
  author  = {Chen, Jian-Qun and Wu, Ying and Yang, Haiwang and Bergelson, Joy and Kreitman, Martin and Tian, Dacheng},
  title   = {{Variation in the Ratio of Nucleotide Substitution and Indel Rates across Genomes in Mammals and Bacteria}},
  journal = {Molecular Biology and Evolution},
  year    = {2009},
  volume  = {26},
  number  = {7},
  pages   = {1523--1531},
  month   = mar,
  issn    = {0737-4038},
  doi     = {10.1093/molbev/msp063},
}

@Article{10.1145/8307.8309,
  author     = {Galil, Zvi and Giancarlo, Raffaele},
  title      = {Improved String Matching with $k$ Mismatches},
  journal    = {SIGACT News},
  year       = {1986},
  volume     = {17},
  number     = {4},
  pages      = {52--54},
  month      = mar,
  issn       = {0163-5700},
  doi        = {10.1145/8307.8309},
  issue_date = {March 1986},
  numpages   = {3},
}

@InProceedings{10.1007/978-3-319-07959-2_28,
  author    = {Gog, Simon and Beller, Timo and Moffat, Alistair and Petri, Matthias},
  title     = {From Theory to Practice: Plug and Play with Succinct Data Structures},
  booktitle = {Experimental Algorithms},
  year      = {2014},
  pages     = {326--337},
  isbn      = {978-3-319-07959-2},
}

@Book{Cohen:2010:CCA:1965598,
  title     = {A Course in Computational Algebraic Number Theory},
  publisher = {Springer Publishing Company, Incorporated},
  year      = {2010},
  author    = {Cohen, Henri},
  isbn      = {3642081428, 9783642081422},
}

@Article{DBLP:journals/jcb/ThankachanCLAA16,
  author  = {Sharma V. Thankachan and Sriram P. Chockalingam and Yongchao Liu and Alberto Apostolico and Srinivas Aluru},
  title   = {{ALFRED:} {A} Practical Method for Alignment-Free Distance Computation},
  journal = {Journal of Computational Biology},
  year    = {2016},
  volume  = {23},
  number  = {6},
  pages   = {452--460},
  doi     = {10.1089/cmb.2015.0217},
}

@InProceedings{DBLP:conf/focs/ChakrabortyDGKS18,
  author    = {Diptarka Chakraborty and Debarati Das and Elazar Goldenberg and Michal Kouck{\'{y}} and Michael E. Saks},
  title     = {Approximating Edit Distance within Constant Factor in Truly Sub-Quadratic Time},
  booktitle = {FOCS'18},
  year      = {2018},
  pages     = {979--990},
  doi       = {10.1109/FOCS.2018.00096},
}

@Article{reservoir,
  author  = {Chao, Min-Te},
  title   = {{A general purpose unequal probability sampling plan}},
  journal = {Biometrika},
  year    = {1982},
  volume  = {69},
  number  = {3},
  pages   = {653--656},
  month   = dec,
  doi     = {10.2307/2336002},
}

@InProceedings{wla-2,
  author    = {Farach, Martin and Muthukrishnan, S.},
  title     = {Perfect hashing for strings: Formalization and algorithms},
  booktitle = {CPM'96},
  year      = {1996},
  pages     = {130--140},
  isbn      = {978-3-540-68390-2},
}

@InProceedings{wla-3,
  author    = {Gawrychowski, Pawe{\l} and Lewenstein, Moshe and Nicholson, Patrick K.},
  title     = {Weighted Ancestors in Suffix Trees},
  booktitle = {ESA'14},
  year      = {2014},
  editor    = {Schulz, Andreas S. and Wagner, Dorothea},
  pages     = {455--466},
  isbn      = {978-3-662-44777-2},
}

@InProceedings{wla-1,
  author    = {Kopelowitz, Tsvi and Lewenstein, Moshe},
  title     = {Dynamic Weighted Ancestors},
  booktitle = {SODA'07},
  year      = {2007},
  pages     = {565--574},
  publisher = {Society for Industrial and Applied Mathematics},
  acmid     = {1283444},
  isbn      = {978-0-898716-24-5},
  numpages  = {10},
}

@Article{Thankachan2017,
  author  = {Thankachan, Sharma V. and Chockalingam, Sriram P. and Liu, Yongchao and Krishnan, Ambujam and Aluru, Srinivas},
  title   = {A greedy alignment-free distance estimator for phylogenetic inference},
  journal = {BMC Bioinformatics},
  year    = {2017},
  volume  = {18},
  number  = {8},
  pages   = {238},
  doi     = {10.1186/s12859-017-1658-0},
}

@Article{topsok2006some,
  author  = {Tops{\o}e, Flemming},
  title   = {Some bounds for the logarithmic function},
  journal = {Inequality theory and applications},
  year    = {2006},
  volume  = {4},
  pages   = {137},
}

@InProceedings{MR737400,
  author     = {Johnson, William B. and Lindenstrauss, Joram},
  title      = {Extensions of {L}ipschitz mappings into a {H}ilbert space},
  booktitle  = {{Modern Analysis and Probability}},
  year       = {1984},
  volume     = {26},
  series     = {Contemporary Mathematics},
  pages      = {189--206},
  mrclass    = {46B20},
  mrnumber   = {737400},
  mrreviewer = {Yehoram Gordon},
}

@Article{algorithmR,
  author     = {Vitter, Jeffrey S.},
  title      = {Random Sampling with a Reservoir},
  journal    = {ACM Trans. Math. Softw.},
  year       = {1985},
  volume     = {11},
  number     = {1},
  pages      = {37--57},
  month      = mar,
  issn       = {0098-3500},
  acmid      = {3165},
  issue_date = {March 1985},
  numpages   = {21},
  publisher  = {ACM},
}

@InProceedings{Dhagat:1992:PLQ:139404.139409,
  author    = {Dhagat, Aditi and G\'{a}cs, Peter and Winkler, Peter},
  title     = {On Playing ``{T}wenty Questions'' with a Liar},
  booktitle = {SODA'92},
  year      = {1992},
  pages     = {16--22},
  acmid     = {139409},
  isbn      = {0-89791-466-X},
  numpages  = {7},
}

@Article{DBLP:journals/algorithmica/KociumakaRS19,
  author  = {Tomasz Kociumaka and Jakub Radoszewski and Tatiana Starikovskaya},
  title   = {Longest Common Substring with Approximately $k$ Mismatches},
  journal = {Algorithmica},
  year    = {2019},
  volume  = {81},
  number  = {6},
  pages   = {2633--2652},
  doi     = {10.1007/s00453-019-00548-x},
}

@InProceedings{DBLP:conf/soda/AbboudWY15,
  author    = {Amir Abboud and Richard Ryan Williams and Huacheng Yu},
  title     = {More Applications of the Polynomial Method to Algorithm Design},
  booktitle = {SODA'15},
  year      = {2015},
  pages     = {218--230},
  doi       = {10.1137/1.9781611973730.17},
}

@Book{Probability,
  title     = {The Probabilistic Method},
  publisher = {John Wiley {\&} Sons, Inc.},
  year      = {2000},
  author    = {Noga Alon and Joel H. Spencer},
  month     = aug,
  isbn      = {0-471-53588-5},
}

@Article{AGM+90,
  author    = {Stephen Altschul and Warren Gish and Webb Miller and Eugene Myers and David Lipman},
  title     = {Basic local alignment search tool},
  journal   = {J. Mol. Biol.},
  year      = {1990},
  volume    = {215},
  number    = {3},
  pages     = {403--410},
  month     = oct,
  groups    = {2017_lcs_mismatches},
  publisher = {Elsevier},
}

@InProceedings{substringNN,
  author    = {Alexandr Andoni and Piotr Indyk},
  title     = {Efficient algorithms for substring near neighbor problem},
  booktitle = {SODA'06},
  year      = {2006},
  pages     = {1203--1212},
  doi       = {10.1145/1109557.1109690},
}

@Article{DBLP:journals/poit/BabenkoS11,
  author  = {Maxim Babenko and Tatiana Starikovskaya},
  title   = {Computing the longest common substring with one mismatch},
  journal = {Problems of Information Transmission},
  year    = {2011},
  volume  = {47},
  number  = {1},
  pages   = {28--33},
  doi     = {10.1134/S0032946011010030},
}

@InProceedings{LCS-1,
  author    = {Maxim Babenko and Tatiana Starikovskaya},
  title     = {Computing Longest Common Substrings Via Suffix Arrays},
  booktitle = {Computer Science Symposium in Russia, {CSR} 2008},
  year      = {2008},
  editor    = {Edward A. Hirsch and Alexander A. Razborov and Alexei L. Semenov and Anatol Slissenko},
  volume    = {5010},
  series    = {LNCS},
  pages     = {64--75},
  publisher = {Springer},
}

@Article{DBLP:conf/stoc/BackursI15,
  author  = {Arturs Backurs and Piotr Indyk},
  title   = {Edit Distance Cannot Be Computed in Strongly Subquadratic Time (Unless {SETH} is False)},
  journal = {SIAM Journal on Computing},
  year    = {2018},
  volume  = {47},
  number  = {3},
  pages   = {1087--1097},
  doi     = {10.1137/15M1053128},
}

@InProceedings{LCE-1,
  author    = {Philip Bille and Inge Li G{\o}rtz and Jesper Kristensen},
  title     = {Longest Common Extensions via Fingerprinting},
  booktitle = {Language and Automata Theory and Applications, {LATA} 2012},
  year      = {2012},
  editor    = {Adrian{-}Horia Dediu and Carlos Mart{\'{i}}n{-}Vide},
  volume    = {7183},
  series    = {LNCS},
  pages     = {119--130},
  publisher = {Springer},
}

@Article{DBLP:journals/jda/BilleGSV14,
  author  = {Philip Bille and Inge Li G{\o}rtz and Benjamin Sach and Hjalte Wedel Vildh{\o}j},
  title   = {Time-space trade-offs for longest common extensions},
  journal = {JDA},
  year    = {2014},
  volume  = {25},
  pages   = {42--50},
}

@InProceedings{DBLP:conf/stoc/ChanL15,
  author    = {Timothy M. Chan and Moshe Lewenstein},
  title     = {Clustered Integer 3{SUM} via Additive Combinatorics},
  booktitle = {SOTC'15},
  year      = {2015},
  editor    = {Rocco A. Servedio and Ronitt Rubinfeld},
  pages     = {31--40},
  publisher = {{ACM}},
}

@InProceedings{DBLP:conf/cpm/Charalampopoulos18,
  author    = {Panagiotis Charalampopoulos and Maxime Crochemore and Costas S. Iliopoulos and Tomasz Kociumaka and Solon P. Pissis and Jakub Radoszewski and Wojciech Rytter and Tomasz Walen},
  title     = {Linear-Time Algorithm for Long {LCF} with $k$ Mismatches},
  booktitle = {CPM'18},
  year      = {2018},
  pages     = {23:1--23:16},
  doi       = {10.4230/LIPIcs.CPM.2018.23},
}

@Book{ksiazka,
  title     = {Parameterized Algorithms},
  publisher = {Springer},
  year      = {2015},
  author    = {Marek Cygan and Fedor V. Fomin and Lukasz Kowalik and Daniel Lokshtanov and Daniel Marx and Marcin Pilipczuk and Michal Pilipczuk and Saket Saurabh},
  isbn      = {978-3-319-21274-6},
}

@Article{DBLP:journals/siamcomp/FischerH11,
  author  = {Johannes Fischer and Volker Heun},
  title   = {Space-Efficient Preprocessing Schemes for Range Minimum Queries on Static Arrays},
  journal = {{SIAM} J. Comput.},
  year    = {2011},
  volume  = {40},
  number  = {2},
  pages   = {465--492},
}

@InProceedings{FischerPaterson,
  author    = {Michael J. Fischer and Michael S. Paterson},
  title     = {String matching and other products},
  booktitle = {Complexity of Computation},
  year      = {1974},
  pages     = {113--125},
}

@Article{DBLP:journals/ipl/FlouriGKU15,
  author  = {Tom{\'{a}}s Flouri and Emanuele Giaquinta and Kassian Kobert and Esko Ukkonen},
  title   = {Longest common substrings with $k$ mismatches},
  journal = {Information Processing Letters},
  year    = {2015},
  volume  = {115},
  number  = {6-8},
  pages   = {643--647},
  doi     = {10.1016/j.ipl.2015.03.006},
}

@Article{kangaroo-2,
  author  = {Zvi Galil and Raffaele Giancarlo},
  title   = {Parallel String Matching with $k$ Mismatches},
  journal = {Theor. Comput. Sci.},
  year    = {1987},
  volume  = {51},
  pages   = {341--348},
}

@Article{DBLP:journals/ipl/Grabowski15,
  author  = {Szymon Grabowski},
  title   = {A note on the longest common substring with $k$-mismatches problem},
  journal = {Information Processing Letters},
  year    = {2015},
  volume  = {115},
  number  = {6-8},
  pages   = {640--642},
  doi     = {10.1016/j.ipl.2015.03.006},
}

@Article{DBLP:journals/siamcomp/HarelT84,
  author  = {Dov Harel and Robert Endre Tarjan},
  title   = {Fast Algorithms for Finding Nearest Common Ancestors},
  journal = {SIAM J. Comput.},
  year    = {1984},
  volume  = {13},
  number  = {2},
  pages   = {338--355},
}

@Article{DBLP:journals/toc/Har-PeledIM12,
  author  = {Sariel Har{-}Peled and Piotr Indyk and Rajeev Motwani},
  title   = {Approximate Nearest Neighbor: Towards Removing the Curse of Dimensionality},
  journal = {Theory of Computing},
  year    = {2012},
  volume  = {8},
  number  = {1},
  pages   = {321--350},
}

@Article{MR0144363,
  author   = {Wassily Hoeffding},
  title    = {Probability Inequalities for Sums of Bounded Random Variables},
  journal  = {J. of ASA},
  year     = {1963},
  volume   = {58},
  number   = {301},
  pages    = {13--30},
  month    = mar,
  issn     = {0162-1459},
  groups   = {2017_lcs_mismatches},
  keywords = {60.20},
  mrnumber = {0144363},
}

@InProceedings{DBLP:conf/cpm/Hui92,
  author    = {Lucas Chi Kwong Hui},
  title     = {Color Set Size Problem with Application to String Matching},
  booktitle = {CPM'92},
  year      = {1992},
  pages     = {230--243},
  publisher = {Springer},
}

@Article{LCE-4,
  author  = {Lucian Ilie and Gonzalo Navarro and Liviu Tinta},
  title   = {The longest common extension problem revisited and applications to approximate string searching},
  journal = {JDA},
  year    = {2010},
  volume  = {8},
  number  = {4},
  pages   = {418--428},
}

@InProceedings{SETH_survey,
  author    = {Virginia Vassilevska Williams},
  title     = {ON SOME FINE-GRAINED QUESTIONS IN ALGORITHMS AND COMPLEXITY},
  booktitle = {ICM'18},
  year      = {2018},
  pages     = {3447--3487},
  doi       = {10.1142/9789813272880_0188},
}

@Article{DBLP:journals/jcss/ImpagliazzoPZ01,
  author  = {Russell Impagliazzo and Ramamohan Paturi and Francis Zane},
  title   = {Which Problems Have Strongly Exponential Complexity?},
  journal = {Journal of Computer and System Sciences},
  year    = {2001},
  volume  = {63},
  number  = {4},
  pages   = {512--530},
  doi     = {10.1006/jcss.2001.1774},
}

@InProceedings{DBLP:conf/esa/KociumakaSV14,
  author    = {Tomasz Kociumaka and Tatiana Starikovskaya and Hjalte Wedel Vildh{\o}j},
  title     = {Sublinear Space Algorithms for the Longest Common Substring Problem},
  booktitle = {ESA'14},
  year      = {2014},
  volume    = {8737},
  series    = {LNCS},
  pages     = {605--617},
  publisher = {Springer},
}

@Article{DBLP:journals/siamcomp/KushilevitzOR00,
  author  = {Eyal Kushilevitz and Rafail Ostrovsky and Yuval Rabani},
  title   = {Efficient Search for Approximate Nearest Neighbor in High Dimensional Spaces},
  journal = {{SIAM} J. Comput.},
  year    = {2000},
  volume  = {30},
  number  = {2},
  pages   = {457--474},
}

@InProceedings{DBLP:conf/cpm/StarikovskayaV13,
  author    = {Tatiana Starikovskaya and Hjalte Wedel Vildh{\o}j},
  title     = {Time-Space Trade-Offs for the Longest Common Substring Problem},
  booktitle = {CPM'13},
  year      = {2013},
  pages     = {223--234},
  publisher = {Springer},
}

@Article{DBLP:journals/moc/TaoCH12,
  author  = {Tao, Terence and Croot III, Ernest and Helfgott, Harald},
  title   = {Deterministic methods to find primes},
  journal = {AMS Mathematics of Computation},
  year    = {2012},
  volume  = {81},
  number  = {278},
  pages   = {1233--1246},
  doi     = {10.1090/S0025-5718-2011-02542-1},
}

@InProceedings{DBLP:conf/recomb/ThankachanACA18,
  author    = {Sharma V. Thankachan and Chaitanya Aluru and Sriram P. Chockalingam and Srinivas Aluru},
  title     = {Algorithmic Framework for Approximate Matching Under Bounded Edits with Applications to Sequence Analysis},
  booktitle = {RECOMB'18},
  year      = {2018},
  pages     = {211--224},
  publisher = {Springer},
}

@Article{DBLP:journals/jcb/ThankachanAA16,
  author  = {Sharma V. Thankachan and Alberto Apostolico and Srinivas Aluru},
  title   = {A Provably Efficient Algorithm for the \emph{k}-Mismatch Average Common Substring Problem},
  journal = {Journal of Computational Biology},
  year    = {2016},
  volume  = {23},
  number  = {6},
  pages   = {472--482},
  doi     = {10.1089/cmb.2015.0235},
}

@Article{ulitsky2006average,
  author    = {Ulitsky, Igor and Burstein, David and Tuller, Tamir and Chor, Benny},
  title     = {The average common substring approach to phylogenomic reconstruction},
  journal   = {J. of Comp. Biol.},
  year      = {2006},
  volume    = {13},
  number    = {2},
  pages     = {336--350},
  publisher = {Mary Ann Liebert, Inc. 2 Madison Avenue Larchmont, NY 10538 USA},
}

@InProceedings{DBLP:journals/corr/abs-1803-00904,
  author    = {Rubinstein, Aviad},
  title     = {Hardness of Approximate Nearest Neighbor Search},
  booktitle = {STOC'18},
  year      = {2018},
  pages     = {1260--1268},
  doi       = {10.1145/3188745.3188916},
}

@InProceedings{DBLP:conf/stoc/AndoniR15,
  author    = {Alexandr Andoni and Ilya Razenshteyn},
  title     = {Optimal Data-Dependent Hashing for Approximate Near Neighbors},
  booktitle = {STOC'15},
  year      = {2015},
  pages     = {793--801},
  doi       = {10.1145/2746539.2746553},
}

@Article{ACHLIOPTAS2003671,
  author  = {Dimitris Achlioptas},
  title   = {Database-friendly random projections: {J}ohnson-{L}indenstrauss with binary coins},
  journal = {Journal of Computer and System Sciences},
  year    = {2003},
  volume  = {66},
  number  = {4},
  pages   = {671--687},
  issn    = {0022-0000},
  doi     = {10.1016/S0022-0000(03)00025-4},
}

@InProceedings{Beetl,
  author    = {Cox, Anthony J. and Jakobi, Tobias and Rosone, Giovanna and Schulz-Trieglaff, Ole B.},
  title     = {Comparing {DNA} Sequence Collections by Direct Comparison of Compressed Text Indexes},
  booktitle = {Algorithms in Bioinformatics},
  year      = {2012},
  editor    = {Raphael, Ben and Tang, Jijun},
  publisher = {Springer Berlin Heidelberg},
}

@InProceedings{burrows1994block,
  author       = {Burrows, Michael and Wheeler, David},
  title        = {A block-sorting lossless data compression algorithm},
  booktitle    = {Digital SRC Research Report},
  year         = {1994},
  organization = {Citeseer},
}

@Article{seward1996bzip2,
  author  = {Seward, Julian},
  title   = {bzip2 and libbzip2},
  journal = {avaliable at \url{http://www.bzip.org}},
  year    = {1996},
}

@Article{ferragina2005indexing,
  author    = {Ferragina, Paolo and Manzini, Giovanni},
  title     = {Indexing compressed text},
  journal   = {Journal of the ACM (JACM)},
  year      = {2005},
  volume    = {52},
  number    = {4},
  pages     = {552--581},
  publisher = {ACM New York, NY, USA},
}

@Article{langmead2009ultrafast,
  author    = {Langmead, Ben and Trapnell, Cole and Pop, Mihai and Salzberg, Steven L},
  title     = {Ultrafast and memory-efficient alignment of short {DNA} sequences to the human genome},
  journal   = {Genome biology},
  year      = {2009},
  volume    = {10},
  number    = {3},
  pages     = {1--10},
  publisher = {BioMed Central},
}

@Article{langmead2012fast,
  author    = {Langmead, Ben and Salzberg, Steven L},
  title     = {Fast gapped-read alignment with {Bowtie 2}},
  journal   = {Nature methods},
  year      = {2012},
  volume    = {9},
  number    = {4},
  pages     = {357},
  publisher = {Nature Publishing Group},
}

@Book{makinen2015genome,
  title     = {Genome-scale algorithm design},
  publisher = {Cambridge University Press},
  year      = {2015},
  author    = {M{\"a}kinen, Veli and Belazzougui, Djamal and Cunial, Fabio and Tomescu, Alexandru I},
}

@Article{dolle2017using,
  author    = {Dolle, Dirk D and Liu, Zhicheng and Cotten, Matthew and Simpson, Jared T and Iqbal, Zamin and Durbin, Richard and McCarthy, Shane A and Keane, Thomas M},
  title     = {Using reference-free compressed data structures to analyze sequencing reads from thousands of human genomes},
  journal   = {Genome research},
  year      = {2017},
  volume    = {27},
  number    = {2},
  pages     = {300--309},
  publisher = {Cold Spring Harbor Lab},
}

@Article{kayegenome,
  author    = {Kaye, Alice M and Wasserman, Wyeth W},
  title     = {The Genome Atlas: Navigating a New Era of Reference Genomes},
  journal   = {Trends in Genetics},
  year      = {2021},
  publisher = {Elsevier},
}

@Article{bauer2013lightweight,
  author    = {Bauer, Markus J and Cox, Anthony J and Rosone, Giovanna},
  title     = {Lightweight algorithms for constructing and inverting the {BWT} of string collections},
  journal   = {Theoretical Computer Science},
  year      = {2013},
  volume    = {483},
  pages     = {134--148},
  publisher = {Elsevier},
}

@Article{janin2014beetl,
  author    = {Janin, Lilian and Schulz-Trieglaff, Ole and Cox, Anthony J},
  title     = {{BEETL}-fastq: a searchable compressed archive for {DNA} reads},
  journal   = {Bioinformatics},
  year      = {2014},
  volume    = {30},
  number    = {19},
  pages     = {2796--2801},
  publisher = {Oxford University Press},
}

@Article{egidi2019external,
  author    = {Egidi, Lavinia and Louza, Felipe A and Manzini, Giovanni and Telles, Guilherme P},
  title     = {External memory {BWT} and {LCP} computation for sequence collections with applications},
  journal   = {Algorithms for Molecular Biology},
  year      = {2019},
  volume    = {14},
  number    = {1},
  pages     = {1--15},
  publisher = {Springer},
}

@Article{tcs/EgidiM20,
  author  = {Lavinia Egidi and Giovanni Manzini},
  title   = {Lightweight merging of compressed indices based on {BWT} variants},
  journal = {Theoretical Computer Science},
  year    = {2020},
  volume  = {812},
  pages   = {214--229},
}

@InProceedings{DNdcc21.3,
  author    = {D{\'i}az-Dom{\'i}nguez, Diego and Gonzalo Navarro},
  title     = {A Grammar Compressor for Collections of Reads with Applications to the Construction of the {BWT}},
  booktitle = {Proc. 31\textsuperscript{th} Data Compression Conference (DCC)},
  year      = {2021},
  note      = {To appear},
}

@InProceedings{bentley2020complexity,
  author       = {Bentley, Jason W and Gibney, Daniel and Thankachan, Sharma V},
  title        = {On the Complexity of {BWT}-Runs Minimization via Alphabet Reordering},
  booktitle    = {28\textsuperscript{th} Annual European Symposium on Algorithms (ESA 2020)},
  year         = {2020},
  organization = {Schloss Dagstuhl-Leibniz-Zentrum f{\"u}r Informatik},
}

@Article{gagie2017wheeler,
  author    = {Gagie, Travis and Manzini, Giovanni and Sir{\'e}n, Jouni},
  title     = {Wheeler graphs: A framework for {BWT}-based data structures},
  journal   = {Theoretical computer science},
  year      = {2017},
  volume    = {698},
  pages     = {67--78},
  publisher = {Elsevier},
}

@Article{ferragina2009compressing,
  author    = {Ferragina, Paolo and Luccio, Fabrizio and Manzini, Giovanni and Muthukrishnan, Senthilmurugan},
  title     = {Compressing and indexing labeled trees, with applications},
  journal   = {Journal of the ACM (JACM)},
  year      = {2009},
  volume    = {57},
  number    = {1},
  pages     = {1--33},
  publisher = {ACM New York, NY, USA},
}

@Article{siren2014indexing,
  author    = {Sir{\'e}n, Jouni and V{\"a}lim{\"a}ki, Niko and M{\"a}kinen, Veli},
  title     = {Indexing graphs for path queries with applications in genome research},
  journal   = {IEEE/ACM Transactions on Computational Biology and Bioinformatics},
  year      = {2014},
  volume    = {11},
  number    = {2},
  pages     = {375--388},
  publisher = {IEEE},
}

@Article{prezza2021subpath,
  author    = {Prezza, Nicola},
  title     = {Subpath Queries on Compressed Graphs: A Survey},
  journal   = {Algorithms},
  year      = {2021},
  volume    = {14},
  number    = {1},
  pages     = {14},
  publisher = {Multidisciplinary Digital Publishing Institute},
}

@Article{giuliani2019dollar,
  author    = {Giuliani, Sara and Lipt{\'a}k, Zsuzsanna and Masillo, Francesco and Rizzi, Romeo},
  title     = {When a dollar makes a {BWT}},
  journal   = {Theoretical Computer Science},
  year      = {2019},
  publisher = {Elsevier},
}

@InProceedings{10.1007/978-3-030-67731-2_18,
  author    = {Giuliani, Sara and Inenaga, Shunsuke and Lipt{\'a}k, Zsuzsanna and Prezza, Nicola and Sciortino, Marinella and Toffanello, Anna},
  title     = {Novel Results on the Number of Runs of the {Burrows-Wheeler} Transform},
  booktitle = {SOFSEM 2021: Theory and Practice of Computer Science},
  year      = {2021},
  editor    = {Bure{\v{s}}, Tom{\'a}{\v{s}} and Dondi, Riccardo and Gamper, Johann and Guerrini, Giovanna and Jurdzi{\'{n}}ski, Tomasz and Pahl, Claus and Sikora, Florian and Wong, Prudence W.H.},
  pages     = {249--262},
  publisher = {Springer International Publishing},
  isbn      = {978-3-030-67731-2},
}

@InProceedings{prezza2021locating,
  author       = {Prezza, Nicola},
  title        = {On Locating Paths in Compressed Tries},
  booktitle    = {Proceedings of the 2021 ACM-SIAM Symposium on Discrete Algorithms (SODA)},
  year         = {2021},
  pages        = {744--760},
  organization = {SIAM},
}

@Article{nishimoto2020faster,
  author  = {Nishimoto, Takaaki and Tabei, Yasuo},
  title   = {Faster Queries on {BWT}-runs Compressed Indexes},
  journal = {arXiv preprint arXiv:2006.05104},
  year    = {2020},
}

@Article{boucher2019prefix,
  author    = {Boucher, Christina and Gagie, Travis and Kuhnle, Alan and Langmead, Ben and Manzini, Giovanni and Mun, Taher},
  title     = {Prefix-free parsing for building big {BWTs}},
  journal   = {Algorithms for Molecular Biology},
  year      = {2019},
  volume    = {14},
  number    = {1},
  pages     = {1--15},
  publisher = {BioMed Central},
}

@Article{DBLP:journals/bioinformatics/RahnWR14,
  author  = {Ren{\'{e}} Rahn and David Weese and Knut Reinert},
  title   = {Journaled string tree - a scalable data structure for analyzing thousands of similar genomes on your laptop},
  journal = {Bioinformatics},
  year    = {2014},
  volume  = {30},
  number  = {24},
  pages   = {3499--3505},
  doi     = {10.1093/bioinformatics/btu438},
}

@Article{ferrada2014hybrid,
  author    = {Ferrada, H{\'e}ctor and Gagie, Travis and Hirvola, Tommi and Puglisi, Simon J},
  title     = {Hybrid indexes for repetitive datasets},
  journal   = {Philosophical Transactions of the Royal Society A: Mathematical, Physical and Engineering Sciences},
  year      = {2014},
  volume    = {372},
  number    = {2016},
  pages     = {20130137},
  publisher = {The Royal Society Publishing},
}

@Article{gagie2015searching,
  author    = {Gagie, Travis and Puglisi, Simon J},
  title     = {Searching and indexing genomic databases via kernelization},
  journal   = {Frontiers in Bioengineering and Biotechnology},
  year      = {2015},
  volume    = {3},
  pages     = {12},
  publisher = {Frontiers},
}

@InProceedings{ferrada2018hybrid,
  author       = {Ferrada, H{\'e}ctor and Kempa, Dominik and Puglisi, Simon J},
  title        = {Hybrid indexing revisited},
  booktitle    = {2018 Proceedings of the Twentieth Workshop on Algorithm Engineering and Experiments (ALENEX)},
  year         = {2018},
  pages        = {1--8},
  organization = {SIAM},
}

@Article{valenzuela2018towards,
  author    = {Valenzuela, Daniel and Norri, Tuukka and V{\"a}lim{\"a}ki, Niko and Pitk{\"a}nen, Esa and M{\"a}kinen, Veli},
  title     = {Towards pan-genome read alignment to improve variation calling},
  journal   = {BMC genomics},
  year      = {2018},
  volume    = {19},
  number    = {2},
  pages     = {123--130},
  publisher = {BioMed Central},
}

@Article{bannai2020refining,
  author    = {Bannai, Hideo and Gagie, Travis and Tomohiro, I},
  title     = {Refining the $r$-index},
  journal   = {etical Computer Science},
  year      = {2020},
  volume    = {812},
  pages     = {96--108},
  publisher = {Elsevier},
}

@Article{policriti2018lz77,
  author    = {Policriti, Alberto and Prezza, Nicola},
  title     = {{LZ77} computation based on the run-length encoded {BWT}},
  journal   = {Algorithmica},
  year      = {2018},
  volume    = {80},
  number    = {7},
  pages     = {1986--2011},
  publisher = {Springer},
}

@InProceedings{karkkainen2009permuted,
  author       = {K{\"a}rkk{\"a}inen, Juha and Manzini, Giovanni and Puglisi, Simon J},
  title        = {Permuted longest-common-prefix array},
  booktitle    = {Annual Symposium on Combinatorial Pattern Matching},
  year         = {2009},
  pages        = {181--192},
  organization = {Springer},
}

@InProceedings{doubling_algorithm,
  author    = {Karp, Richard M. and Miller, Raymond E. and Rosenberg, Arnold L.},
  title     = {Rapid Identification of Repeated Patterns in Strings, Trees and Arrays},
  booktitle = {Proceedings of the Fourth Annual ACM Symposium on Theory of Computing},
  year      = {1972},
  pages     = {125--136},
  doi       = {10.1145/800152.804905},
  numpages  = {12},
}

@Article{LOUZA201722,
  author  = {Felipe A. Louza and Simon Gog and Guilherme P. Telles},
  title   = {Inducing enhanced suffix arrays for string collections},
  journal = {Theoretical Computer Science},
  year    = {2017},
  volume  = {678},
  pages   = {22--39},
  doi     = {10.1016/j.tcs.2017.03.039},
}

@Article{ropebwt2,
  author  = {Heng Li},
  title   = {Fast construction of {FM}-index for long sequence reads},
  journal = {Bioinform.},
  year    = {2014},
  volume  = {30},
  number  = {22},
  pages   = {3274--3275},
  doi     = {10.1093/bioinformatics/btu541},
}

@Article{spring,
  author  = {Chandak, Shubham and Tatwawadi, Kedar and Ochoa, Idoia and Hernaez, Mikel and Weissman, Tsachy},
  title   = {{SPRING: a next-generation compressor for FASTQ data}},
  journal = {Bioinformatics},
  year    = {2018},
  volume  = {35},
  number  = {15},
  pages   = {2674--2676},
  doi     = {10.1093/bioinformatics/bty1015},
}

@Article{single-cell,
  author  = {Chitsaz, Hamidreza and Yee-Greenbaum, Joyclyn and Tesler, Glenn and Lombardo, Mary-Jane and Dupont, Christopher and Badger, Jonathan and Novotny, Mark and Rusch, Douglas and Fraser, Louise and Gormley, Niall and Schulz-Trieglaff, Ole and Smith, Geoffrey and Evers, Dirk and Pevzner, Pavel and Lasken, Roger},
  title   = {Efficient de novo assembly of single-cell bacterial genomes from short-read data sets},
  journal = {Nature biotechnology},
  year    = {2011},
  volume  = {29},
  pages   = {915--21},
  month   = sep,
  doi     = {10.1038/nbt.1966},
}

@Article{Gage-b,
  author  = {Tanja Magoc and Stephan Pabinger and Stefan Canzar and Xinyue Liu and Qi Su and Daniela Puiu and Luke J. Tallon and Steven L. Salzberg},
  title   = {{GAGE-B:} an evaluation of genome assemblers for bacterial organisms},
  journal = {Bioinform.},
  year    = {2013},
  volume  = {29},
  number  = {14},
  pages   = {1718--1725},
  doi     = {10.1093/bioinformatics/btt273},
}

@Article{muggli2017succinct,
  author    = {Muggli, Martin D and Bowe, Alexander and Noyes, Noelle R and Morley, Paul S and Belk, Keith E and Raymond, Robert and Gagie, Travis and Puglisi, Simon J and Boucher, Christina},
  title     = {Succinct colored de {Bruijn} graphs},
  journal   = {Bioinformatics},
  year      = {2017},
  volume    = {33},
  number    = {20},
  pages     = {3181--3187},
  publisher = {Oxford University Press},
}

@InProceedings{almodaresi2017rainbowfish,
  author       = {Almodaresi, Fatemeh and Pandey, Prashant and Patro, Rob},
  title        = {Rainbowfish: a succinct colored de {Bruijn} graph representation},
  booktitle    = {17\textsuperscript{th} International Workshop on Algorithms in Bioinformatics (WABI 2017)},
  year         = {2017},
  organization = {Schloss Dagstuhl-Leibniz-Zentrum fuer Informatik},
}

@Article{gagie2020fully,
  author    = {Gagie, Travis and Navarro, Gonzalo and Prezza, Nicola},
  title     = {Fully functional suffix trees and optimal text searching in {BWT}-runs bounded space},
  journal   = {Journal of the ACM (JACM)},
  year      = {2020},
  volume    = {67},
  number    = {1},
  pages     = {1--54},
  publisher = {ACM New York, NY, USA},
}

@Article{garrison2018variation,
  author    = {Garrison, Erik and Sir{\'e}n, Jouni and Novak, Adam M and Hickey, Glenn and Eizenga, Jordan M and Dawson, Eric T and Jones, William and Garg, Shilpa and Markello, Charles and Lin, Michael F and others},
  title     = {Variation graph toolkit improves read mapping by representing genetic variation in the reference},
  journal   = {Nature biotechnology},
  year      = {2018},
  volume    = {36},
  number    = {9},
  pages     = {875--879},
  publisher = {Nature Publishing Group},
}

@Article{kuhnle2020efficient,
  author    = {Kuhnle, Alan and Mun, Taher and Boucher, Christina and Gagie, Travis and Langmead, Ben and Manzini, Giovanni},
  title     = {Efficient construction of a complete index for pan-genomics read alignment},
  journal   = {Journal of Computational Biology},
  year      = {2020},
  volume    = {27},
  number    = {4},
  pages     = {500--513},
  publisher = {Mary Ann Liebert, Inc., publishers},
}

@InProceedings{DBLP:conf/dcc/BaierBOW20,
  author    = {Uwe Baier and Thomas B{\"{u}}chler and Enno Ohlebusch and Pascal Weber},
  title     = {Edge Minimization in de {Bruijn} Graphs},
  booktitle = {Data Compression Conference, {DCC} 2020, Snowbird, UT, USA, March 24-27, 2020},
  year      = {2020},
  editor    = {Ali Bilgin and Michael W. Marcellin and Joan Serra{-}Sagrist{\`{a}} and James A. Storer},
  pages     = {223--232},
  publisher = {{IEEE}},
  doi       = {10.1109/DCC47342.2020.00030},
}

@InProceedings{JarnoSODA20,
  author    = {Alanko, Jarno and D'Agostino, Giovanna and Policriti, Alberto and Prezza, Nicola},
  title     = {Regular Languages Meet Prefix Sorting},
  booktitle = {Proceedings of the Thirty-First Annual ACM-SIAM Symposium on Discrete Algorithms},
  year      = {2020},
  series    = {SODA '20},
  pages     = {911--930},
  publisher = {Society for Industrial and Applied Mathematics},
  numpages  = {20},
}

@Article{schirmer2016illumina,
  author    = {Schirmer, Melanie and D'Amore, Rosalinda and Ijaz, Umer Z and Hall, Neil and Quince, Christopher},
  title     = {Illumina error profiles: resolving fine-scale variation in metagenomic sequencing data},
  journal   = {BMC bioinformatics},
  year      = {2016},
  volume    = {17},
  number    = {1},
  pages     = {1--15},
  publisher = {Springer},
}

@Article{Jackman2017,
  author    = {Shaun D. Jackman and Benjamin P. Vandervalk and Hamid Mohamadi and Justin Chu and Sarah Yeo and S. Austin Hammond and Golnaz Jahesh and Hamza Khan and Lauren Coombe and Rene L. Warren and Inanc Birol},
  title     = {{ABySS} 2.0: resource-efficient assembly of large genomes using a Bloom filter},
  journal   = {Genome Research},
  year      = {2017},
  volume    = {27},
  number    = {5},
  pages     = {768--777},
  month     = feb,
  doi       = {10.1101/gr.214346.116},
  publisher = {Cold Spring Harbor Laboratory},
}

@Article{Simpson2009,
  author    = {J. T. Simpson and K. Wong and S. D. Jackman and J. E. Schein and S. J.M. Jones and I. Birol},
  title     = {{ABySS}: A parallel assembler for short read sequence data},
  journal   = {Genome Research},
  year      = {2009},
  volume    = {19},
  number    = {6},
  pages     = {1117--1123},
  doi       = {10.1101/gr.089532.108},
  publisher = {Cold Spring Harbor Laboratory},
}

@Article{Genome_ref_consortium,
  author    = {Schneider, Valerie A. and Graves-Lindsay, Tina and Howe, Kerstin and Bouk, Nathan and Chen, Hsiu-Chuan and Kitts, Paul A. and Murphy, Terence D. and Pruitt, Kim D. and Thibaud-Nissen, Fran{\c c}oise and Albracht, Derek and Fulton, Robert S. and Kremitzki, Milinn and Magrini, Vince and Markovic, Chris and McGrath, Sean and Steinberg, Karyn Meltz and Auger, Kate and Chow, Will and Collins, Joanna and Harden, Glenn and Hubbard, Tim and Pelan, Sarah and Simpson, Jared T. and Threadgold, Glen and Torrance, James and Wood, Jonathan and Clarke, Laura and Koren, Sergey and Boitano, Matthew and Li, Heng and Chin, Chen-Shan and Phillippy, Adam M. and Durbin, Richard and Wilson, Richard K. and Flicek, Paul and Church, Deanna M.},
  title     = {Evaluation of GRCh38 and de novo haploid genome assemblies demonstrates the enduring quality of the reference assembly},
  journal   = {bioRxiv},
  year      = {2016},
  doi       = {10.1101/072116},
  publisher = {Cold Spring Harbor Laboratory},
}

@Article{MSRCA,
  author  = {Zimin, Aleksey V. and Marcais, Guillaume and Puiu, Daniela and Roberts, Michael and Salzberg, Steven L. and Yorke, James A.},
  title   = {{The MaSuRCA genome assembler}},
  journal = {Bioinformatics},
  year    = {2013},
  volume  = {29},
  number  = {21},
  pages   = {2669--2677},
  month   = aug,
}

@Misc{ecoli_ref,
  url = {
https://www.ncbi.nlm.nih.gov/nuccore/NC_000913},
}

@Misc{staph_ref,
  url = {https://www.ncbi.nlm.nih.gov/nuccore/87125858},
}

@Article{chr19_chm1,
  author    = {Karyn Meltz Steinberg and Valerie A. Schneider and Tina A. Graves-Lindsay and Robert S. Fulton and Richa Agarwala and John Huddleston and Sergey A. Shiryev and Aleksandr Morgulis and Urvashi Surti and Wesley C. Warren and Deanna M. Church and Evan E. Eichler and Richard K. Wilson},
  title     = {Single haplotype assembly of the human genome from a hydatidiform mole},
  journal   = {Genome Research},
  year      = {2014},
  volume    = {24},
  number    = {12},
  pages     = {2066--2076},
  month     = nov,
  doi       = {10.1101/gr.180893.114},
  publisher = {Cold Spring Harbor Laboratory},
}

@Article{Elias1975,
  author    = {P. Elias},
  title     = {Universal codeword sets and representations of the integers},
  journal   = {{IEEE} Transactions on Information Theory},
  year      = {1975},
  volume    = {21},
  number    = {2},
  pages     = {194--203},
  month     = mar,
  doi       = {10.1109/tit.1975.1055349},
  publisher = {Institute of Electrical and Electronics Engineers ({IEEE})},
}

@Article{kodama2012sequence,
  author    = {Kodama, Yuichi and Shumway, Martin and Leinonen, Rasko},
  title     = {The Sequence Read Archive: explosive growth of sequencing data},
  journal   = {Nucleic acids research},
  year      = {2012},
  volume    = {40},
  number    = {D1},
  pages     = {D54--D56},
  publisher = {Oxford University Press},
}

@Misc{LangmeadVideo,
  author    = {Ben Langmead},
  title     = {Algorithms for {DNA} Sequencing: Base calling and sequencing errors},
  year      = {2015},
  publisher = {YouTube},
  url       = {https://www.youtube.com/watch?v=U4QnpciIJhM},
  urldate   = {2021-03-22},
}

@Article{arxived,
  author  = {Gagie, Travis and Gourdel, Garance and Manzini, Giovanni},
  title   = {XBWTing Readsets},
  journal = {arXiv preprint arXiv:1809.07320},
  year    = {2018},
}

@Article{KMP,
  author  = {Knuth, Donald E. and Morris, Jr., James H. and Pratt, Vaughan R.},
  title   = {Fast Pattern Matching in Strings},
  journal = {SIAM Journal on Computing},
  year    = {1977},
  volume  = {6},
  number  = {2},
  pages   = {323--350},
  doi     = {10.1137/0206024},
}

@Article{leimeister2014kmacs,
  author    = {Leimeister, Chris-Andre and Morgenstern, Burkhard},
  title     = {Kmacs: the k-mismatch average common substring approach to alignment-free sequence comparison},
  journal   = {Bioinformatics},
  year      = {2014},
  volume    = {30},
  number    = {14},
  pages     = {2000--2008},
  doi       = {10.1093/bioinformatics/btu331},
  publisher = {Oxford University Press},
}

@InProceedings{abboud2017fine,
  author       = {Abboud, Amir and Backurs, Arturs and Bringmann, Karl and K{\"u}nnemann, Marvin},
  title        = {Fine-grained complexity of analyzing compressed data: Quantifying improvements over decompress-and-solve},
  booktitle    = {2017 IEEE 58\textsuperscript{th} Annual Symposium on Foundations of Computer Science (FOCS)},
  year         = {2017},
  pages        = {192--203},
  organization = {IEEE},
}

@Book{Gusfield1997,
  title     = {Algorithms on Strings, Trees, and Sequences - Computer Science and Computational Biology},
  publisher = {Cambridge University Press},
  year      = {1997},
  author    = {Dan Gusfield},
  isbn      = {0-521-58519-8},
  doi       = {10.1017/cbo9780511574931},
}

@Article{talg/ChristiansenEKN21,
  author  = {Anders Roy Christiansen and Mikko Berggren Ettienne and Tomasz Kociumaka and Gonzalo Navarro and Nicola Prezza},
  title   = {Optimal-Time Dictionary-Compressed Indexes},
  journal = {{ACM} Trans. Algorithms},
  year    = {2021},
  volume  = {17},
  number  = {1},
  pages   = {8:1--8:39},
  doi     = {10.1145/3426473},
}

@Article{DBLP:journals/jcss/ClaudeNP21,
  author  = {Francisco Claude and Gonzalo Navarro and Alejandro Pacheco},
  title   = {Grammar-compressed indexes with logarithmic search time},
  journal = {J. Comput. Syst. Sci.},
  year    = {2021},
  volume  = {118},
  pages   = {53--74},
}

@InProceedings{10.1007/11780441_5,
  author    = {Fischer, Johannes and Heun, Volker},
  title     = {Theoretical and Practical Improvements on the {RMQ}-Problem, with Applications to {LCA} and {LCE}},
  booktitle = {CPM 2006},
  year      = {2006},
  pages     = {36--48},
  doi       = {10.1007/11780441\_5},
}

@Article{Thompson_automaton,
  author   = {Ken Thompson},
  title    = {Programming techniques: regular expression search algorithm},
  journal  = {Communication of ACM},
  year     = {1968},
  volume   = {11},
  number   = {6},
  pages    = {419--422},
  issn     = {0001-0782},
  doi      = {10.1145/363347.363387},
  numpages = {4},
}

@InProceedings{10.1007/3-540-60044-2_36,
  author    = {Leszek Gasieniec and Wojciech Plandowski and Wojciech Rytter},
  title     = {Constant-Space String Matching with Smaller Number of Comparisons: Sequential Sampling},
  booktitle = {1995 Symposium on Combinatorial Pattern Matching (CPM)},
  year      = {1995},
  pages     = {78--89},
  doi       = {10.1007/3-540-60044-2_36},
}

@Article{GALIL1983280,
  author  = {Zvi Galil and Joel Seiferas},
  title   = {Time-space-optimal string matching},
  journal = {Journal of Computer and System Sciences},
  year    = {1983},
  volume  = {26},
  number  = {3},
  pages   = {280--294},
  issn    = {0022-0000},
  doi     = {10.1016/0022-0000(83)90002-8},
}

@Article{Cole1997,
  author  = {Richard Cole and Ramesh Hariharan},
  title   = {Tighter Upper Bounds on the Exact Complexity of String Matching},
  journal = {{SIAM} J. Comput.},
  year    = {1997},
  volume  = {26},
  number  = {3},
  pages   = {803--856},
  doi     = {10.1137/S009753979324694X},
}

@InProceedings{DBLP:conf/icalp/Kuszmaul19,
  author    = {William Kuszmaul},
  title     = {Dynamic Time Warping in Strongly Subquadratic Time: Algorithms for the Low-Distance Regime and Approximate Evaluation},
  booktitle = {{ICALP}'19},
  year      = {2019},
  volume    = {132},
  series    = {LIPIcs},
  pages     = {80:1--80:15},
  annote    = {Keywords: dynamic time warping, edit distance, approximation algorithm, tree metrics},
  doi       = {10.4230/LIPIcs.ICALP.2019.80},
  isbn      = {978-3-95977-109-2},
  issn      = {1868-8969},
}

@Article{MANTACI2007298,
  author    = {S. Mantaci and A. Restivo and G. Rosone and M. Sciortino},
  title     = {An extension of the {Burrows--Wheeler} Transform},
  journal   = {Theoretical Computer Science},
  year      = {2007},
  volume    = {387},
  number    = {3},
  pages     = {298--312},
  doi       = {10.1016/j.tcs.2007.07.014},
  publisher = {Elsevier},
}

@InProceedings{BOSS,
  author       = {Bowe, Alexander and Onodera, Taku and Sadakane, Kunihiko and Shibuya, Tetsuo},
  title        = {Succinct de {Bruijn} Graphs},
  booktitle    = {Algorithms in Bioinformatics},
  year         = {2012},
  editor       = {Raphael, Ben and Tang, Jijun},
  pages        = {225--235},
  organization = {Springer},
  publisher    = {Springer Berlin Heidelberg},
}

@Article{li2009fast,
  author    = {Li, Heng and Durbin, Richard},
  title     = {Fast and accurate short read alignment with {Burrows-Wheeler} transform},
  journal   = {Bioinformatics},
  year      = {2009},
  volume    = {25},
  number    = {14},
  pages     = {1754--1760},
  doi       = {10.1093/bioinformatics/btp324},
  publisher = {Oxford University Press},
}

@Article{cox2012large,
  author    = {Cox, Anthony J and Bauer, Markus J and Jakobi, Tobias and Rosone, Giovanna},
  title     = {Large-scale compression of genomic sequence databases with the {Burrows-Wheeler} transform},
  journal   = {Bioinformatics},
  year      = {2012},
  volume    = {28},
  number    = {11},
  pages     = {1415--1419},
  doi       = {10.1093/bioinformatics/bts173},
  publisher = {Oxford University Press},
}

@Article{pattern_match_BG14,
  author  = {Dany Breslauer and Zvi Galil},
  title   = {Real-time streaming string-matching},
  journal = {{ACM} Transaction on Algorithms},
  year    = {2014},
  volume  = {10},
  number  = {4},
  pages   = {22:1--22:12},
  doi     = {10.1145/2635814},
}

@Book{Cormen:2009:IAT:1614191,
  title     = {Introduction to Algorithms, Third Edition},
  publisher = {The MIT Press},
  year      = {2009},
  author    = {Cormen, Thomas H. and Leiserson, Charles E. and Rivest, Ronald L. and Stein, Clifford},
  edition   = {3\textsuperscript{rd}},
  isbn      = {0262033844, 9780262033848},
}

@InProceedings{Porat:09,
  author    = {Benny Porat and Ely Porat},
  title     = {Exact and Approximate Pattern Matching in the Streaming Model},
  booktitle = {FOCS'09},
  year      = {2009},
  pages     = {315--323},
  doi       = {10.1109/FOCS.2009.11},
}

@Article{KRfingerprint,
  author  = {R. M. {Karp} and M. O. {Rabin}},
  title   = {Efficient randomized pattern-matching algorithms},
  journal = {IBM Journal of Research and Development},
  year    = {1987},
  volume  = {31},
  number  = {2},
  pages   = {249--260},
  doi     = {10.1147/rd.312.0249},
}

@Article{https://doi.org/10.48550/arxiv.1904.09690,
  author    = {Kuszmaul, William},
  title     = {Dynamic Time Warping in Strongly Subquadratic Time: Algorithms for the Low-Distance Regime and Approximate Evaluation},
  journal   = {CoRR},
  year      = {2019},
  volume    = {abs/1904.09690},
  copyright = {arXiv.org perpetual, non-exclusive license},
  doi       = {10.48550/ARXIV.1904.09690},
  eprint    = {1904.09690},
  publisher = {arXiv},
}

@article{petrucci2020iterative,
  title={Iterative spaced seed hashing: closing the gap between spaced seed hashing and k-mer hashing},
  author={Petrucci, Enrico and No{\'e}, Laurent and Pizzi, Cinzia and Comin, Matteo},
  journal={Journal of Computational Biology},
  volume={27},
  number={2},
  pages={223--233},
  year={2020},
  publisher={Mary Ann Liebert, Inc.}
}

@Article{delahaye2021sequencing,
  author    = {Delahaye, Clara and Nicolas, Jacques},
  title     = {Sequencing DNA with nanopores: Troubles and biases},
  journal   = {PloS one},
  year      = {2021},
  volume    = {16},
  number    = {10},
  pages     = {e0257521},
  publisher = {Public Library of Science San Francisco, CA USA},
}

@Misc{spotify_annoy,
  howpublished = {\url{https://github.com/spotify/annoy}},
}

@Comment{jabref-meta: databaseType:bibtex;}
