@inbook{streaming_regexp,
author = {Bartłomiej Dudek and Paweł Gawrychowski and Garance Gourdel and Tatiana Starikovskaya},
title = {Streaming Regular Expression Membership and Pattern Matching},
booktitle = {Proceedings of the 2022 Annual ACM-SIAM Symposium on Discrete Algorithms (SODA)},
chapter = {},
pages = {670-694},
doi = {10.1137/1.9781611977073.30},
}