% Encoding: UTF-8

@article{Vuillemin80,
  author    = {Jean Vuillemin},
  title     = {A Unifying Look at Data Structures},
  journal   = {Commun. {ACM}},
  volume    = {23},
  number    = {4},
  pages     = {229--239},
  year      = {1980}
}

@inproceedings{BenderF00,
  author    = {Michael A. Bender and
               Martin Farach{-}Colton},
  editor    = {Gaston H. Gonnet and
               Daniel Panario and
               Alfredo Viola},
  title     = {The {LCA} Problem Revisited},
  booktitle = {{LATIN} 2000: Theoretical Informatics, 4th Latin American Symposium,
               Punta del Este, Uruguay, April 10-14, 2000, Proceedings},
  series    = {Lecture Notes in Computer Science},
  volume    = {1776},
  pages     = {88--94},
  publisher = {Springer},
  year      = {2000},
  doi       = {10.1007/10719839_9},
}

@inproceedings{HanT02,
  author    = {Yijie Han and
               Mikkel Thorup},
  title     = {Integer Sorting in $\mathcal{O}(n\sqrt{\log\log n})$ Expected Time and Linear
               Space},
  booktitle = {{FOCS}},
  pages     = {135--144},
  publisher = {{IEEE} Computer Society},
  year      = {2002}
}

@inproceedings{Farach1997,
  author    = {Martin Farach},
  title     = {Optimal Suffix Tree Construction with Large Alphabets},
  booktitle = {38th Annual Symposium on Foundations of Computer Science, {FOCS} '97,
               Miami Beach, Florida, USA, October 19-22, 1997},
  pages     = {137--143},
  publisher = {{IEEE} Computer Society},
  year      = {1997},
  doi       = {10.1109/SFCS.1997.646102},
}

@inproceedings{CrochemoreIKKPR16,
  author    = {Maxime Crochemore and
               Costas S. Iliopoulos and
               Tomasz Kociumaka and
               Ritu Kundu and
               Solon P. Pissis and
               Jakub Radoszewski and
               Wojciech Rytter and
               Tomasz Walen},
  editor    = {Shunsuke Inenaga and
               Kunihiko Sadakane and
               Tetsuya Sakai},
  title     = {Near-Optimal Computation of Runs over General Alphabet via Non-Crossing
               {LCE} Queries},
  booktitle = {String Processing and Information Retrieval - 23rd International Symposium,
               {SPIRE} 2016, Beppu, Japan, October 18-20, 2016, Proceedings},
  series    = {Lecture Notes in Computer Science},
  volume    = {9954},
  pages     = {22--34},
  year      = {2016},
  doi       = {10.1007/978-3-319-46049-9_3},
}

@article{Currie05,
  author    = {James D. Currie},
  title     = {Pattern avoidance: themes and variations},
  journal   = {Theor. Comput. Sci.},
  volume    = {339},
  number    = {1},
  pages     = {7--18},
  year      = {2005}
}

@article{BeanEM1979,
author = {Dwight R. Bean and Andrzej Ehrenfeucht and George F. McNulty},
title = {{Avoidable patterns in strings of symbols.}},
volume = {85},
journal = {Pacific Journal of Mathematics},
number = {2},
publisher = {Pacific Journal of Mathematics, A Non-profit Corporation},
pages = {261 -- 294},
year = {1979},
doi = {pjm/1102783913},
}

@Article{thue1906,
  author  = {Thue, A.},
  title   = {{\"U}ber unendliche {Z}eichenreihen},
  journal = {Norske Vid. Selsk. Skr., I Mat.--Nat. Kl., Christiania},
  year    = {1906},
  volume  = {7},
  pages   = {1--22},
}

@Article{Berstel1999,
  author    = {Jean Berstel and Luc Boasson},
  title     = {Partial Words and a Theorem of {Fine and Wilf}},
  journal   = {Theor. Comput. Sci.},
  year      = {1999},
  volume    = {218},
  number    = {1},
  pages     = {135--141},
  doi       = {10.1016/S0304-3975(98)00255-2},
}

@Article{Tijdeman2003,
  author   = {R. Tijdeman and L. Zamboni},
  title    = {{Fine and Wilf} words for any periods},
  journal  = {Indagationes Mathematicae},
  year     = {2003},
  volume   = {14},
  number   = {1},
  pages    = {135-147},
  issn     = {0019-3577},
  doi      = {https://doi.org/10.1016/S0019-3577(03)90076-0},
}

@Article{Justin2000,
  author    = {Jacques Justin},
  title     = {On a paper by {Castelli, Mignosi, Restivo}},
  journal   = {{RAIRO} Theor. Informatics Appl.},
  year      = {2000},
  volume    = {34},
  number    = {5},
  pages     = {373--377},
  doi       = {10.1051/ita:2000122},
}

@Article{Castelli1999,
  author    = {Maria Gabriella Castelli and Filippo Mignosi and Antonio Restivo},
  title     = {{Fine and Wilf}'s Theorem for Three Periods and a Generalization of {Sturmian} Words},
  journal   = {Theor. Comput. Sci.},
  year      = {1999},
  volume    = {218},
  number    = {1},
  pages     = {83--94},
  doi       = {10.1016/S0304-3975(98)00251-5},
}

@InProceedings{Fine1965,
  author    = {N. J. Fine and Herbert S. Wilf},
  title     = {Uniqueness theorems for periodic functions},
  booktitle = {Proceedings of the American Mathematical Society},
  year      = {1965},
  volume    = {16},
  pages     = {109-114},
  doi       = {10.1090/S0002-9939-1965-0174934-9},
}

@Article{Apostolico2008,
  author    = {Alberto Apostolico and Raffaele Giancarlo},
  title     = {Periodicity and repetitions in parameterized strings},
  journal   = {Discret. Appl. Math.},
  year      = {2008},
  volume    = {156},
  number    = {9},
  pages     = {1389--1398},
  doi       = {10.1016/j.dam.2006.11.017},
}

@Article{Kociumaka2017,
  author    = {Tomasz Kociumaka and Jakub Radoszewski and Wojciech Rytter},
  title     = {Fast algorithms for Abelian periods in words and greatest common divisor queries},
  journal   = {J. Comput. Syst. Sci.},
  year      = {2017},
  volume    = {84},
  pages     = {205--218},
  doi       = {10.1016/j.jcss.2016.09.003},
}

@Article{Fici2016,
  author    = {Gabriele Fici and Thierry Lecroq and Arnaud Lefebvre and {\'{E}}lise Prieur{-}Gaston and William F. Smyth},
  title     = {A note on easy and efficient computation of full abelian periods of a word},
  journal   = {Discret. Appl. Math.},
  year      = {2016},
  volume    = {212},
  pages     = {88--95},
  doi       = {10.1016/j.dam.2015.09.024},
}

@Article{Fici2014,
  author    = {Gabriele Fici and Thierry Lecroq and Arnaud Lefebvre and {\'{E}}lise Prieur{-}Gaston},
  title     = {Algorithms for computing Abelian periods of words},
  journal   = {Discret. Appl. Math.},
  year      = {2014},
  volume    = {163},
  pages     = {287--297},
  doi       = {10.1016/j.dam.2013.08.021},
}

@Article{Crochemore2013,
  author    = {Maxime Crochemore and Costas S. Iliopoulos and Tomasz Kociumaka and Marcin Kubica and Jakub Pachocki and Jakub Radoszewski and Wojciech Rytter and Wojciech Tyczynski and Tomasz Walen},
  title     = {A note on efficient computation of all Abelian periods in a string},
  journal   = {Inf. Process. Lett.},
  year      = {2013},
  volume    = {113},
  number    = {3},
  pages     = {74--77},
  doi       = {10.1016/j.ipl.2012.11.001},
}

@Article{Blanchet-Sadri2013,
  author    = {Francine Blanchet{-}Sadri and Sean Simmons and Amelia Tebbe and Amy Veprauskas},
  title     = {Abelian periods, partial words, and an extension of a theorem of {Fine and Wilf}},
  journal   = {{RAIRO} Theor. Informatics Appl.},
  year      = {2013},
  volume    = {47},
  number    = {3},
  pages     = {215--234},
  doi       = {10.1051/ita/2013034},
}

@Article{Idiatulina2014,
  author    = {Lidia A. Idiatulina and Arseny M. Shur},
  title     = {Periodic Partial Words and Random Bipartite Graphs},
  journal   = {Fundam. Informaticae},
  year      = {2014},
  volume    = {132},
  number    = {1},
  pages     = {15--31},
  doi       = {10.3233/FI-2014-1030},
}

@InProceedings{Shur2001,
  author    = {Arseny M. Shur and Yulia V. Konovalova},
  title     = {On the Periods of Partial Words},
  booktitle = {Mathematical Foundations of Computer Science 2001, 26th International Symposium, {MFCS} 2001 Marianske Lazne, Czech Republic, August 27-31, 2001, Proceedings},
  year      = {2001},
  editor    = {Jir{\'{i}} Sgall and Ales Pultr and Petr Kolman},
  volume    = {2136},
  series    = {Lecture Notes in Computer Science},
  pages     = {657--665},
  publisher = {Springer},
  doi       = {10.1007/3-540-44683-4_57},
}

@Article{Shur2004,
  author    = {A M Shur and Yu V Gamzova},
  title     = {Partial words and the interaction property of periods},
  journal   = {Izvestiya: Mathematics},
  year      = {2004},
  volume    = {68},
  number    = {2},
  pages     = {405--428},
  abstract  = {A theorem of Fine and Wilf expresses the interaction property of periods, which is a basic property of periodic words. An arbitrary word with given periods p and q also has a “derived” period gcd(p,q) if the length of the word is greater than some critical value called the length of interaction. In this paper we consider a similar property for arbitrary periodic partial words and give a sharp linear bound for the length of interaction.},
  doi       = {10.1070/im2004v068n02abeh000480},
  publisher = {{IOP} Publishing},
}

@Article{Blanchet-Sadri2002,
  author    = {Francine Blanchet{-}Sadri and Robert A. Hegstrom},
  title     = {Partial words and a theorem of {Fine and Wilf} revisited},
  journal   = {Theor. Comput. Sci.},
  year      = {2002},
  volume    = {270},
  number    = {1-2},
  pages     = {401--419},
  doi       = {10.1016/S0304-3975(00)00407-2},
}

@Article{Blanchet-Sadri2008,
  author    = {Francine Blanchet{-}Sadri and Deepak Bal and Gautam Sisodia},
  title     = {Graph connectivity, partial words, and a theorem of {Fine and Wilf}},
  journal   = {Inf. Comput.},
  year      = {2008},
  volume    = {206},
  number    = {5},
  pages     = {676--693},
  doi       = {10.1016/j.ic.2007.11.007},
}

@Article{Inoue2022,
  author    = {Hiroe Inoue and Yoshiaki Matsuoka and Yuto Nakashima and Shunsuke Inenaga and Hideo Bannai and Masayuki Takeda},
  title     = {Factorizing Strings into Repetitions},
  journal   = {Theory Comput. Syst.},
  year      = {2022},
  volume    = {66},
  number    = {2},
  pages     = {484--501},
  doi       = {10.1007/s00224-022-10070-3},
}

@Article{Sugahara2021,
  author    = {Ryo Sugahara and Yuto Nakashima and Shunsuke Inenaga and Hideo Bannai and Masayuki Takeda},
  title     = {Efficiently computing runs on a trie},
  journal   = {Theor. Comput. Sci.},
  year      = {2021},
  volume    = {887},
  pages     = {143--151},
  doi       = {10.1016/j.tcs.2021.07.011},
}

@InProceedings{Sugahara2019,
  author    = {Ryo Sugahara and Yuto Nakashima and Shunsuke Inenaga and Hideo Bannai and Masayuki Takeda},
  title     = {{Computing Runs on a Trie}},
  booktitle = {30th Annual Symposium on Combinatorial Pattern Matching (CPM 2019)},
  year      = {2019},
  editor    = {Nadia Pisanti and Solon P. Pissis},
  volume    = {128},
  series    = {Leibniz International Proceedings in Informatics (LIPIcs)},
  pages     = {23:1--23:11},
  publisher = {Schloss Dagstuhl--Leibniz-Zentrum fuer Informatik},
  doi       = {10.4230/LIPIcs.CPM.2019.23},
  isbn      = {978-3-95977-103-0},
  issn      = {1868-8969},
}

@Article{Kosolobov2016,
  author    = {Dmitry Kosolobov},
  title     = {Computing runs on a general alphabet},
  journal   = {Inf. Process. Lett.},
  year      = {2016},
  volume    = {116},
  number    = {3},
  pages     = {241--244},
  doi       = {10.1016/j.ipl.2015.11.016},
}

@InProceedings{Kosolobov2015,
  author    = {Dmitry Kosolobov},
  title     = {{Lempel-Ziv Factorization May Be Harder Than Computing All Runs}},
  booktitle = {32nd International Symposium on Theoretical Aspects of Computer Science (STACS 2015)},
  year      = {2015},
  editor    = {Ernst W. Mayr and Nicolas Ollinger},
  volume    = {30},
  series    = {Leibniz International Proceedings in Informatics (LIPIcs)},
  pages     = {582--593},
  address   = {Dagstuhl, Germany},
  publisher = {Schloss Dagstuhl--Leibniz-Zentrum fuer Informatik},
  doi       = {10.4230/LIPIcs.STACS.2015.582},
  isbn      = {978-3-939897-78-1},
  issn      = {1868-8969},
}

@InProceedings{Kolpakov1999,
  author    = {Roman M. Kolpakov and Gregory Kucherov},
  title     = {Finding Maximal Repetitions in a Word in Linear Time},
  booktitle = {40th Annual Symposium on Foundations of Computer Science, {FOCS} '99, 17-18 October, 1999, New York, NY, {USA}},
  year      = {1999},
  pages     = {596--604},
  publisher = {{IEEE} Computer Society},
  doi       = {10.1109/SFFCS.1999.814634},
}

@Article{Apostolico1996,
  author    = {Alberto Apostolico and Dany Breslauer},
  title     = {An Optimal $\mathcal{O}(\log\log N)$-Time Parallel Algorithm for Detecting All Squares in a String},
  journal   = {{SIAM} J. Comput.},
  year      = {1996},
  volume    = {25},
  number    = {6},
  pages     = {1318--1331},
  doi       = {10.1137/S0097539793260404},
}

@Article{Merkurev2022,
  author    = {Oleg Merkurev and Arseny M. Shur},
  title     = {Computing The Maximum Exponent in a Stream},
  journal   = {Algorithmica},
  year      = {2022},
  volume    = {84},
  number    = {3},
  pages     = {742--756},
  doi       = {10.1007/s00453-021-00883-y},
}

@InProceedings{Merkurev2019,
  author    = {Oleg Merkurev and Arseny M. Shur},
  title     = {Searching Runs in Streams},
  booktitle = {String Processing and Information Retrieval - 26th International Symposium, {SPIRE} 2019, Segovia, Spain, October 7-9, 2019, Proceedings},
  year      = {2019},
  editor    = {Nieves R. Brisaboa and Simon J. Puglisi},
  volume    = {11811},
  series    = {Lecture Notes in Computer Science},
  pages     = {203--220},
  publisher = {Springer},
  doi       = {10.1007/978-3-030-32686-9_15},
}

@InProceedings{Kosolobov2015a,
  author    = {Dmitry Kosolobov},
  title     = {Online Detection of Repetitions with Backtracking},
  booktitle = {Combinatorial Pattern Matching - 26th Annual Symposium, {CPM} 2015, Ischia Island, Italy, June 29 - July 1, 2015, Proceedings},
  year      = {2015},
  editor    = {Ferdinando Cicalese and Ely Porat and Ugo Vaccaro},
  volume    = {9133},
  series    = {Lecture Notes in Computer Science},
  pages     = {295--306},
  publisher = {Springer},
  doi       = {10.1007/978-3-319-19929-0_25},
}

@Article{Kosolobov2014,
  author     = {Dmitry Kosolobov},
  title      = {Online Square Detection},
  journal    = {CoRR},
  year       = {2014},
  volume     = {abs/1411.2022},
  eprint     = {1411.2022},
  eprinttype = {arXiv},
  url        = {http://arxiv.org/abs/1411.2022},
}

@Article{Hong2008,
  author    = {Jin{-}Ju Hong and Gen{-}Huey Chen},
  title     = {Efficient on-line repetition detection},
  journal   = {Theor. Comput. Sci.},
  year      = {2008},
  volume    = {407},
  number    = {1-3},
  pages     = {554--563},
  doi       = {10.1016/j.tcs.2008.08.038},
}

@InProceedings{Amir2020,
  author    = {Amihood Amir and Ayelet Butman and Gad M. Landau and Shoshana Marcus and Dina Sokol},
  title     = {{Double String Tandem Repeats}},
  booktitle = {31st Annual Symposium on Combinatorial Pattern Matching (CPM 2020)},
  year      = {2020},
  editor    = {Inge Li G{\o}rtz and Oren Weimann},
  volume    = {161},
  series    = {Leibniz International Proceedings in Informatics (LIPIcs)},
  pages     = {3:1--3:13},
  address   = {Dagstuhl, Germany},
  publisher = {Schloss Dagstuhl--Leibniz-Zentrum f{\"u}r Informatik},
  doi       = {10.4230/LIPIcs.CPM.2020.3},
  isbn      = {978-3-95977-149-8},
  issn      = {1868-8969},
}

@Article{Liu2009,
  author    = {J. J. Liu and G. S. Huang and Y. L. Wang},
  title     = {A fast algorithm for finding the positions of all squares in a run-length encoded string},
  journal   = {Theor. Comput. Sci.},
  year      = {2009},
  volume    = {410},
  number    = {38-40},
  pages     = {3942--3948},
  doi       = {10.1016/j.tcs.2009.05.032},
}

@Article{Main1984,
  author    = {Michael G. Main and Richard J. Lorentz},
  title     = {An $\mathcal{O}(n\log n)$ Algorithm for Finding All Repetitions in a String},
  journal   = {J. Algorithms},
  year      = {1984},
  volume    = {5},
  number    = {3},
  pages     = {422--432},
  doi       = {10.1016/0196-6774(84)90021-X},
}

@Article{Crochemore1981,
  author    = {Maxime Crochemore},
  title     = {An Optimal Algorithm for Computing the Repetitions in a Word},
  journal   = {Inf. Process. Lett.},
  year      = {1981},
  volume    = {12},
  number    = {5},
  pages     = {244--250},
  doi       = {10.1016/0020-0190(81)90024-7},
}

@Article{Apostolico1983,
  author    = {Alberto Apostolico and Franco P. Preparata},
  title     = {Optimal Off-Line Detection of Repetitions in a String},
  journal   = {Theor. Comput. Sci.},
  year      = {1983},
  volume    = {22},
  pages     = {297--315},
  doi       = {10.1016/0304-3975(83)90109-3},
}

@InProceedings{Kosaraju1994,
  author    = {S. Rao Kosaraju},
  title     = {Computation of Squares in a String (Preliminary Version)},
  booktitle = {Combinatorial Pattern Matching, 5th Annual Symposium, {CPM} 94, Asilomar, California, USA, June 5-8, 1994, Proceedings},
  year      = {1994},
  editor    = {Maxime Crochemore and Dan Gusfield},
  volume    = {807},
  series    = {Lecture Notes in Computer Science},
  pages     = {146--150},
  publisher = {Springer},
  doi       = {10.1007/3-540-58094-8_13},
}

@Article{Crochemore1986,
  author    = {Maxime Crochemore},
  title     = {Transducers and Repetitions},
  journal   = {Theor. Comput. Sci.},
  year      = {1986},
  volume    = {45},
  number    = {1},
  pages     = {63--86},
  doi       = {10.1016/0304-3975(86)90041-1},
}

@InProceedings{Main1985,
  author    = {Main, Michael G. and Lorentz, Richard J.},
  title     = {Linear Time Recognition of Squarefree Strings},
  booktitle = {Combinatorial Algorithms on Words},
  year      = {1985},
  editor    = {Apostolico, Alberto and Galil, Zvi},
  pages     = {271--278},
  address   = {Berlin, Heidelberg},
  publisher = {Springer Berlin Heidelberg},
  abstract  = {A square is an immediately repeated nonempty string, e.g., aa, abab, abcabc. This paper presents a new O(n log n) algorithm to determine whether a string of length n has a substring which is a square. The algorithm is not as general as some previous algorithms for finding all squares [1,7,8,13], but it does have a simplicity which the others lack. Also, for a fixed alphabet of size k, the algorithm can be improved by a factor of logk(n), yielding an O(n) algorithm for determining whether a string contains a square.},
  doi       = {10.1007/978-3-642-82456-2_18},
  isbn      = {978-3-642-82456-2},
}

@Article{Kociumaka2022,
  author    = {Tomasz Kociumaka and Jakub Radoszewski and Wojciech Rytter and Tomasz Walen},
  title     = {A periodicity lemma for partial words},
  journal   = {Inf. Comput.},
  year      = {2022},
  volume    = {283},
  pages     = {104677},
  doi       = {10.1016/j.ic.2020.104677},
}

@Article{Li2022,
  author     = {Li, Shuo and Pachocki, Jakub and Radoszewski, Jakub},
  title      = {A note on the maximum number of $k$-powers in a finite word},
  journal    = {CoRR},
  year       = {2022},
  volume     = {abs/2205.10156},
  eprint     = {2205.10156},
  eprinttype = {arXiv},
  url        = {https://arxiv.org/abs/2205.10156},
}

@Article{Brlek2022,
  author     = {Brlek, Srečko and Li, Shuo},
  title      = {On the number of squares in a finite word},
  journal    = {CoRR},
  year       = {2022},
  volume     = {abs/2204.10204},
  eprint     = {2204.10204},
  eprinttype = {arXiv},
  url        = {https://arxiv.org/abs/2204.10204},
}

@Article{Thierry2020,
  author     = {Thierry, Adrien},
  title      = {A proof that a word of length $n$ has less than $1.5n$ distinct squares},
  journal    = {CoRR},
  year       = {2020},
  volume     = {abs/2001.02996},
  eprint     = {2001.02996},
  eprinttype = {arXiv},
  url        = {https://arxiv.org/abs/2001.02996},
}

@Article{Deza2015,
  author    = {Antoine Deza and Frantisek Franek and Adrien Thierry},
  title     = {How many double squares can a string contain?},
  journal   = {Discret. Appl. Math.},
  year      = {2015},
  volume    = {180},
  pages     = {52--69},
  doi       = {10.1016/j.dam.2014.08.016},
}

@Article{Ilie2007,
  author    = {Lucian Ilie},
  title     = {A note on the number of squares in a word},
  journal   = {Theor. Comput. Sci.},
  year      = {2007},
  volume    = {380},
  number    = {3},
  pages     = {373--376},
  doi       = {10.1016/j.tcs.2007.03.025},
}

@Article{Fraenkel1998,
  author    = {Aviezri S. Fraenkel and Jamie Simpson},
  title     = {How Many Squares Can a String Contain?},
  journal   = {J. Comb. Theory, Ser. {A}},
  year      = {1998},
  volume    = {82},
  number    = {1},
  pages     = {112--120},
  doi       = {10.1006/jcta.1997.2843},
}

@Article{Simpson2010,
  author    = {Jamie Simpson},
  title     = {Modified {Padovan} words and the maximum number of runs in a word},
  journal   = {Australas. {J} Comb.},
  year      = {2010},
  volume    = {46},
  pages     = {129--146},
  url       = {http://ajc.maths.uq.edu.au/pdf/46/ajc_v46_p129.pdf},
}

@InProceedings{Matsubara2009,
  author    = {Wataru Matsubara and Kazuhiko Kusano and Hideo Bannai and Ayumi Shinohara},
  title     = {A Series of Run-Rich Strings},
  booktitle = {Language and Automata Theory and Applications, Third International Conference, {LATA} 2009, Tarragona, Spain, April 2-8, 2009. Proceedings},
  year      = {2009},
  editor    = {Adrian{-}Horia Dediu and Armand{-}Mihai Ionescu and Carlos Mart{\'{i}}n{-}Vide},
  volume    = {5457},
  series    = {Lecture Notes in Computer Science},
  pages     = {578--587},
  publisher = {Springer},
  doi       = {10.1007/978-3-642-00982-2_49},
}

@InProceedings{Matsubara2008,
  author    = {Wataru Matsubara and Kazuhiko Kusano and Akira Ishino and Hideo Bannai and Ayumi Shinohara},
  title     = {New Lower Bounds for the Maximum Number of Runs in a String},
  booktitle = {Proceedings of the Prague Stringology Conference 2008, Prague, Czech Republic, September 1-3, 2008},
  year      = {2008},
  editor    = {Jan Holub and Jan Zd{\'{a}}rek},
  pages     = {140--145},
  publisher = {Prague Stringology Club, Department of Computer Science and Engineering, Faculty of Electrical Engineering, Czech Technical University in Prague},
  url       = {http://www.stringology.org/event/2008/p13.html},
}

@Article{Franek2008,
  author    = {Frantisek Franek and Qian Yang},
  title     = {An asymptotic Lower Bound for the Maximal Number of Runs in a String},
  journal   = {Int. J. Found. Comput. Sci.},
  year      = {2008},
  volume    = {19},
  number    = {1},
  pages     = {195--203},
  doi       = {10.1142/S0129054108005620},
}

@Article{Holub2017,
  author    = {Stepan Holub},
  title     = {Prefix frequency of lost positions},
  journal   = {Theor. Comput. Sci.},
  year      = {2017},
  volume    = {684},
  pages     = {43--52},
  doi       = {10.1016/j.tcs.2017.01.026},
}

@InProceedings{Fischer2015,
  author    = {Johannes Fischer and Stepan Holub and Tomohiro I and Moshe Lewenstein},
  title     = {Beyond the Runs Theorem},
  booktitle = {String Processing and Information Retrieval - 22nd International Symposium, {SPIRE} 2015, London, UK, September 1-4, 2015, Proceedings},
  year      = {2015},
  editor    = {Costas S. Iliopoulos and Simon J. Puglisi and Emine Yilmaz},
  volume    = {9309},
  series    = {Lecture Notes in Computer Science},
  pages     = {277--286},
  publisher = {Springer},
  doi       = {10.1007/978-3-319-23826-5_27},
}

@Article{Bannai2017,
  author    = {Hideo Bannai and Tomohiro I and Shunsuke Inenaga and Yuto Nakashima and Masayuki Takeda and Kazuya Tsuruta},
  title     = {The "Runs" Theorem},
  journal   = {{SIAM} J. Comput.},
  year      = {2017},
  volume    = {46},
  number    = {5},
  pages     = {1501--1514},
  doi       = {10.1137/15M1011032},
}

@Article{Crochemore2011,
  author    = {Maxime Crochemore and Lucian Ilie and Liviu Tinta},
  title     = {The "runs" conjecture},
  journal   = {Theor. Comput. Sci.},
  year      = {2011},
  volume    = {412},
  number    = {27},
  pages     = {2931--2941},
  doi       = {10.1016/j.tcs.2010.06.019},
}

@Article{Giraud2009,
  author    = {Mathieu Giraud},
  title     = {Asymptotic behavior of the numbers of runs and microruns},
  journal   = {Inf. Comput.},
  year      = {2009},
  volume    = {207},
  number    = {11},
  pages     = {1221--1228},
  doi       = {10.1016/j.ic.2009.02.007},
}

@InProceedings{Giraud2008,
  author    = {Mathieu Giraud},
  title     = {Not So Many Runs in Strings},
  booktitle = {Language and Automata Theory and Applications, Second International Conference, {LATA} 2008, Tarragona, Spain, March 13-19, 2008. Revised Papers},
  year      = {2008},
  editor    = {Carlos Mart{\'{i}}n{-}Vide and Friedrich Otto and Henning Fernau},
  volume    = {5196},
  series    = {Lecture Notes in Computer Science},
  pages     = {232--239},
  publisher = {Springer},
  doi       = {10.1007/978-3-540-88282-4_22},
}

@Article{Crochemore2008,
  author    = {Maxime Crochemore and Lucian Ilie},
  title     = {Maximal repetitions in strings},
  journal   = {J. Comput. Syst. Sci.},
  year      = {2008},
  volume    = {74},
  number    = {5},
  pages     = {796--807},
  doi       = {10.1016/j.jcss.2007.09.003},
}

@Article{Puglisi2008,
  author    = {Simon J. Puglisi and Jamie Simpson and William F. Smyth},
  title     = {How many runs can a string contain?},
  journal   = {Theor. Comput. Sci.},
  year      = {2008},
  volume    = {401},
  number    = {1-3},
  pages     = {165--171},
  doi       = {10.1016/j.tcs.2008.04.020},
}

@InProceedings{Rytter2006,
  author    = {Wojciech Rytter},
  title     = {The Number of Runs in a String: Improved Analysis of the Linear Upper Bound},
  booktitle = {{STACS} 2006, 23rd Annual Symposium on Theoretical Aspects of Computer Science, Marseille, France, February 23-25, 2006, Proceedings},
  year      = {2006},
  editor    = {Bruno Durand and Wolfgang Thomas},
  volume    = {3884},
  series    = {Lecture Notes in Computer Science},
  pages     = {184--195},
  publisher = {Springer},
  doi       = {10.1007/11672142_14},
}

@Article{Amir2015,
  author    = {Amihood Amir and Estrella Eisenberg and Avivit Levy},
  title     = {Approximate periodicity},
  journal   = {Inf. Comput.},
  year      = {2015},
  volume    = {241},
  pages     = {215--226},
  doi       = {10.1016/j.ic.2015.02.004},
}

@InProceedings{Amir2012,
  author    = {Amihood Amir and Avivit Levy},
  title     = {Approximate Period Detection and Correction},
  booktitle = {String Processing and Information Retrieval - 19th International Symposium, {SPIRE} 2012, Cartagena de Indias, Colombia, October 21-25, 2012. Proceedings},
  year      = {2012},
  editor    = {Liliana Calder{\'{o}}n{-}Benavides and Cristina N. Gonz{\'{a}}lez{-}Caro and Edgar Ch{\'{a}}vez and Nivio Ziviani},
  volume    = {7608},
  series    = {Lecture Notes in Computer Science},
  pages     = {1--15},
  publisher = {Springer},
  doi       = {10.1007/978-3-642-34109-0_1},
}

@InProceedings{Amir2010,
  author    = {Amihood Amir and Estrella Eisenberg and Avivit Levy},
  title     = {Approximate Periodicity},
  booktitle = {Algorithms and Computation - 21st International Symposium, {ISAAC} 2010, Jeju Island, Korea, December 15-17, 2010, Proceedings, Part {I}},
  year      = {2010},
  editor    = {Otfried Cheong and Kyung{-}Yong Chwa and Kunsoo Park},
  volume    = {6506},
  series    = {Lecture Notes in Computer Science},
  pages     = {25--36},
  publisher = {Springer},
  doi       = {10.1007/978-3-642-17517-6_5},
}

@Article{Gourdel2020,
  author    = {Garance Gourdel and Tomasz Kociumaka and Jakub Radoszewski and Wojciech Rytter and Arseny M. Shur and Tomasz Walen},
  title     = {String periods in the order-preserving model},
  journal   = {Inf. Comput.},
  year      = {2020},
  volume    = {270},
  doi       = {10.1016/j.ic.2019.104463},
}

@Article{Matsuoka2016,
  author    = {Yoshiaki Matsuoka and Takahiro Aoki and Shunsuke Inenaga and Hideo Bannai and Masayuki Takeda},
  title     = {Generalized pattern matching and periodicity under substring consistent equivalence relations},
  journal   = {Theor. Comput. Sci.},
  year      = {2016},
  volume    = {656},
  pages     = {225--233},
  doi       = {10.1016/j.tcs.2016.02.017},
}

@Article{Constantinescu2006,
  author  = {Constantinescu, S. and Ilie, Lucian},
  title   = {{Fine and Wilf's} theorem for abelian periods},
  journal = {Bulletin of the EATCS},
  year    = {2006},
  volume  = {89},
  pages   = {167-170},
  month   = {01},
  url     = {https://eatcs.org/images/bulletin/beatcs89.pdf},
}

@Article{Kociumaka2017a,
  author    = {Tomasz Kociumaka and and Jakub Radoszewski and Bart{\l}omiej Wi{\'{s}}niewski},
  title     = {Subquadratic-Time Algorithms for Abelian Stringology Problems},
  journal   = {{AIMS} Medical Science},
  year      = {2017},
  volume    = {4},
  number    = {3},
  pages     = {332--351},
  doi       = {10.3934/ms.2017.3.332},
  publisher = {American Institute of Mathematical Sciences ({AIMS})},
}

@InProceedings{Ellert2021,
  author    = {Ellert, Jonas and Fischer, Johannes},
  title     = {{Linear Time Runs Over General Ordered Alphabets}},
  booktitle = {48th International Colloquium on Automata, Languages, and Programming (ICALP 2021)},
  year      = {2021},
  editor    = {Bansal, Nikhil and Merelli, Emanuela and Worrell, James},
  volume    = {198},
  series    = {Leibniz International Proceedings in Informatics (LIPIcs)},
  pages     = {63:1--63:16},
  address   = {Dagstuhl, Germany},
  publisher = {Schloss Dagstuhl -- Leibniz-Zentrum f{\"u}r Informatik},
  doi       = {10.4230/LIPIcs.ICALP.2021.63},
  isbn      = {978-3-95977-195-5},
  issn      = {1868-8969},
}

@Article{Kolpakov2003,
  author    = {Roman M. Kolpakov and Ghizlane Bana and Gregory Kucherov},
  title     = {mreps: efficient and flexible detection of tandem repeats in {DNA}},
  journal   = {Nucleic Acids Res.},
  year      = {2003},
  volume    = {31},
  number    = {13},
  pages     = {3672--3678},
  doi       = {10.1093/nar/gkg617},
}

@Article{Crochemore1983,
  author  = {Crochemore, Maxime},
  title   = {Recherche linéaire d'un carré dans un mot},
  journal = {C. R. Acad. Sci. Paris Ser. I},
  year    = {1983},
  volume  = {296},
  month   = {01},
}

@Article{Crochemore2008a,
  author    = {Maxime Crochemore and Lucian Ilie},
  title     = {Computing Longest Previous Factor in linear time and applications},
  journal   = {Inf. Process. Lett.},
  year      = {2008},
  volume    = {106},
  number    = {2},
  pages     = {75--80},
  doi       = {10.1016/j.ipl.2007.10.006},
}

@Article{Kaerkkaeinen2006,
  author    = {Juha K{\"{a}}rkk{\"{a}}inen and Peter Sanders and Stefan Burkhardt},
  title     = {Linear work suffix array construction},
  journal   = {J. {ACM}},
  year      = {2006},
  volume    = {53},
  number    = {6},
  pages     = {918--936},
  doi       = {10.1145/1217856.1217858},
}

@InProceedings{Allouche1998,
  author    = {Jean{-}Paul Allouche and Jeffrey O. Shallit},
  title     = {The Ubiquitous {Prouhet-Thue-Morse Sequence}},
  booktitle = {Sequences and their Applications - Proceedings of {SETA} 1998, Singapore, December 14-17, 1998},
  year      = {1998},
  editor    = {Cunsheng Ding and Tor Helleseth and Harald Niederreiter},
  series    = {Discrete Mathematics and Theoretical Computer Science},
  pages     = {1--16},
  publisher = {Springer},
  doi       = {10.1007/978-1-4471-0551-0_1},
}

@Book{Cover2006,
  title     = {Elements of information theory},
  publisher = {Wiley},
  year      = {2006},
  author    = {Thomas M. Cover and Joy A. Thomas},
  edition   = {2nd},
  isbn      = {978-0-471-24195-9},
  url       = {http://www.elementsofinformationtheory.com/},
}

@Article{Maekawa1985,
  author    = {Mamoru Maekawa},
  title     = {A $\sqrt{N}$ Algorithm for Mutual Exclusion in Decentralized Systems},
  journal   = {{ACM} Trans. Comput. Syst.},
  year      = {1985},
  volume    = {3},
  number    = {2},
  pages     = {145--159},
  bibsource = {dblp computer science bibliography, https://dblp.org},
  biburl    = {https://dblp.org/rec/journals/tocs/Maekawa85.bib},
}

@InProceedings{Gawrychowski2016,
  author    = {Pawel Gawrychowski and Tomasz Kociumaka and Wojciech Rytter and Tomasz Walen},
  title     = {Faster Longest Common Extension Queries in Strings over General Alphabets},
  booktitle = {27th Annual Symposium on Combinatorial Pattern Matching, {CPM} 2016, June 27-29, 2016, Tel Aviv, Israel},
  year      = {2016},
  editor    = {Roberto Grossi and Moshe Lewenstein},
  volume    = {54},
  series    = {LIPIcs},
  pages     = {5:1--5:13},
  publisher = {Schloss Dagstuhl - Leibniz-Zentrum f{\"{u}}r Informatik},
  doi       = {10.4230/LIPIcs.CPM.2016.5},
}

@InProceedings{Charalampopoulos2020,
  author    = {Panagiotis Charalampopoulos and Pawel Gawrychowski and Karol Pokorski},
  title     = {Dynamic Longest Common Substring in Polylogarithmic Time},
  booktitle = {47th International Colloquium on Automata, Languages, and Programming, {ICALP} 2020, July 8-11, 2020, Saarbr{\"{u}}cken, Germany (Virtual Conference)},
  year      = {2020},
  editor    = {Artur Czumaj and Anuj Dawar and Emanuela Merelli},
  volume    = {168},
  series    = {LIPIcs},
  pages     = {27:1--27:19},
  publisher = {Schloss Dagstuhl - Leibniz-Zentrum f{\"{u}}r Informatik},
  doi       = {10.4230/LIPIcs.ICALP.2020.27},
}

@Article{Fischer2018,
  author    = {Johannes Fischer and Tomohiro I and Dominik K{\"{o}}ppl and Kunihiko Sadakane},
  title     = {{Lempel-Ziv} Factorization Powered by Space Efficient Suffix Trees},
  journal   = {Algorithmica},
  year      = {2018},
  volume    = {80},
  number    = {7},
  pages     = {2048--2081},
  doi       = {10.1007/s00453-017-0333-1},
}

@InProceedings{Kempa2019,
  author    = {Dominik Kempa and Tomasz Kociumaka},
  title     = {String synchronizing sets: sublinear-time {BWT} construction and optimal {LCE} data structure},
  booktitle = {Proceedings of the 51st Annual {ACM} {SIGACT} Symposium on Theory of Computing, {STOC} 2019, Phoenix, AZ, USA, June 23-26, 2019},
  year      = {2019},
  editor    = {Moses Charikar and Edith Cohen},
  pages     = {756--767},
  publisher = {{ACM}},
  doi       = {10.1145/3313276.3316368},
}

@InProceedings{Gabow1990,
  author    = {Harold N. Gabow},
  title     = {Data Structures for Weighted Matching and Nearest Common Ancestors with Linking},
  booktitle = {Proceedings of the First Annual {ACM-SIAM} Symposium on Discrete Algorithms, 22-24 January 1990, San Francisco, California, {USA}},
  year      = {1990},
  editor    = {David S. Johnson},
  pages     = {434--443},
  publisher = {{SIAM}},
  url       = {http://dl.acm.org/citation.cfm?id=320176.320229},
}

@Article{Knuth1977,
  author    = {Donald E. Knuth and James H. Morris Jr. and Vaughan R. Pratt},
  title     = {Fast Pattern Matching in Strings},
  journal   = {{SIAM} J. Comput.},
  year      = {1977},
  volume    = {6},
  number    = {2},
  pages     = {323--350},
  doi       = {10.1137/0206024},
}

@Article{Duval2014,
  author    = {Jean{-}Pierre Duval and Thierry Lecroq and Arnaud Lefebvre},
  title     = {Linear computation of unbordered conjugate on unordered alphabet},
  journal   = {Theor. Comput. Sci.},
  year      = {2014},
  volume    = {522},
  pages     = {77--84},
  doi       = {10.1016/j.tcs.2013.12.008},
}

@Article{Kosolobov2016a,
  author    = {Dmitry Kosolobov},
  title     = {Finding the leftmost critical factorization on unordered alphabet},
  journal   = {Theor. Comput. Sci.},
  year      = {2016},
  volume    = {636},
  pages     = {56--65},
  doi       = {10.1016/j.tcs.2016.04.037},
}

@InProceedings{Kosolobov2013,
  author    = {Dmitry Kosolobov and Mikhail Rubinchik and Arseny M. Shur},
  title     = {Finding Distinct Subpalindromes Online},
  booktitle = {Proceedings of the Prague Stringology Conference 2013, Prague, Czech Republic, September 2-4, 2013},
  year      = {2013},
  editor    = {Jan Holub and Jan Zd{\'{a}}rek},
  pages     = {63--69},
  publisher = {Department of Theoretical Computer Science, Faculty of Information Technology, Czech Technical University in Prague},
  url       = {http://www.stringology.org/event/2013/p06.html},
}

@Article{Cole1997,
  author    = {Richard Cole and Ramesh Hariharan},
  title     = {Tighter Upper Bounds on the Exact Complexity of String Matching},
  journal   = {{SIAM} J. Comput.},
  year      = {1997},
  volume    = {26},
  number    = {3},
  pages     = {803--856},
  doi       = {10.1137/S009753979324694X},
}

@Article{Cole1995,
  author    = {Richard Cole and Ramesh Hariharan and Mike Paterson and Uri Zwick},
  title     = {Tighter Lower Bounds on the Exact Complexity of String Matching},
  journal   = {{SIAM} J. Comput.},
  year      = {1995},
  volume    = {24},
  number    = {1},
  pages     = {30--45},
  doi       = {10.1137/S0097539793245829},
}

@Article{Galil1983,
  author    = {Zvi Galil and Joel I. Seiferas},
  title     = {Time-Space-Optimal String Matching},
  journal   = {J. Comput. Syst. Sci.},
  year      = {1983},
  volume    = {26},
  number    = {3},
  pages     = {280--294},
  doi       = {10.1016/0022-0000(83)90002-8},
}

@PhdThesis{Breslauer1992,
  author = {Dany Breslauer},
  title  = {Efficient String Algorithmics},
  school = {Columbia University},
  year   = {1992},
  url    = {https://citeseerx.ist.psu.edu/viewdoc/summary?doi=10.1.1.42.1251},
}

@book{Gusfield1997,
  author    = {Dan Gusfield},
  title     = {Algorithms on Strings, Trees, and Sequences - Computer Science and
               Computational Biology},
  publisher = {Cambridge University Press},
  year      = {1997},
  doi       = {10.1017/cbo9780511574931},
  isbn      = {0-521-58519-8},
}

