@article{MANTACI2007298,
title = {An extension of the {Burrowsâ€“Wheeler} Transform},
journal = {Theoretical Computer Science},
volume = {387},
number = {3},
pages = {298-312},
year = {2007},
doi = {https://doi.org/10.1016/j.tcs.2007.07.014},
author = {S. Mantaci and A. Restivo and G. Rosone and M. Sciortino},
}

@InProceedings{Beetl,
author="Cox, Anthony J.
and Jakobi, Tobias
and Rosone, Giovanna
and Schulz-Trieglaff, Ole B.",
editor="Raphael, Ben
and Tang, Jijun",
title="Comparing {DNA} Sequence Collections by Direct Comparison of Compressed Text Indexes",
booktitle="Algorithms in Bioinformatics",
year="2012",
publisher="Springer Berlin Heidelberg"
}

@InProceedings{BOSS,
author="Bowe, Alexander
and Onodera, Taku
and Sadakane, Kunihiko
and Shibuya, Tetsuo",
editor="Raphael, Ben
and Tang, Jijun",
title="Succinct de {Bruijn} Graphs",
booktitle="Algorithms in Bioinformatics",
year="2012",
publisher="Springer Berlin Heidelberg",
pages="225--235",
}



@inproceedings{burrows1994block,
  title={A block-sorting lossless data compression algorithm},
  author={Burrows, Michael and Wheeler, David},
  booktitle={Digital SRC Research Report},
  year={1994},
  organization={Citeseer}
}

@article{seward1996bzip2,
  title={bzip2 and libbzip2},
  author={Seward, Julian},
  journal={avaliable at \url{http://www.bzip.org}},
  year={1996}
}

@article{ferragina2005indexing,
  title={Indexing compressed text},
  author={Ferragina, Paolo and Manzini, Giovanni},
  journal={Journal of the ACM (JACM)},
  volume={52},
  number={4},
  pages={552--581},
  year={2005},
  publisher={ACM New York, NY, USA}
}

@article{langmead2009ultrafast,
  title={Ultrafast and memory-efficient alignment of short {DNA} sequences to the human genome},
  author={Langmead, Ben and Trapnell, Cole and Pop, Mihai and Salzberg, Steven L},
  journal={Genome biology},
  volume={10},
  number={3},
  pages={1--10},
  year={2009},
  publisher={BioMed Central}
}

@article{langmead2012fast,
  title={Fast gapped-read alignment with {Bowtie 2}},
  author={Langmead, Ben and Salzberg, Steven L},
  journal={Nature methods},
  volume={9},
  number={4},
  pages={357},
  year={2012},
  publisher={Nature Publishing Group}
}

@article{li2009fast,
  title={Fast and accurate short read alignment with {Burrows-Wheeler} transform},
  author={Li, Heng and Durbin, Richard},
  journal={Bioinformatics},
  volume={25},
  number={14},
  pages={1754--1760},
  year={2009},
  publisher={Oxford University Press}
}

@book{navarro2016compact,
  title={Compact data structures: A practical approach},
  author={Navarro, Gonzalo},
  year={2016},
  publisher={Cambridge University Press}
}

@book{makinen2015genome,
  title={Genome-scale algorithm design},
  author={M{\"a}kinen, Veli and Belazzougui, Djamal and Cunial, Fabio and Tomescu, Alexandru I},
  year={2015},
  publisher={Cambridge University Press}
}

@article{dolle2017using,
  title={Using reference-free compressed data structures to analyze sequencing reads from thousands of human genomes},
  author={Dolle, Dirk D and Liu, Zhicheng and Cotten, Matthew and Simpson, Jared T and Iqbal, Zamin and Durbin, Richard and McCarthy, Shane A and Keane, Thomas M},
  journal={Genome research},
  volume={27},
  number={2},
  pages={300--309},
  year={2017},
  publisher={Cold Spring Harbor Lab}
}

@article{kayegenome,
  title={The Genome Atlas: Navigating a New Era of Reference Genomes},
  author={Kaye, Alice M and Wasserman, Wyeth W},
  journal={Trends in Genetics},
  publisher={Elsevier},
  year=2021
}

@article{mantaci2007extension,
  title={An extension of the {Burrows-Wheeler} transform},
  author={Mantaci, Sabrina and Restivo, Antonio and Rosone, Giovanna and Sciortino, Marinella},
  journal={Theoretical Computer Science},
  volume={387},
  number={3},
  pages={298--312},
  year={2007},
  publisher={Elsevier}
}

@article{bauer2013lightweight,
  title={Lightweight algorithms for constructing and inverting the {BWT} of string collections},
  author={Bauer, Markus J and Cox, Anthony J and Rosone, Giovanna},
  journal={Theoretical Computer Science},
  volume={483},
  pages={134--148},
  year={2013},
  publisher={Elsevier}
}

@article{cox2012large,
  title={Large-scale compression of genomic sequence databases with the {Burrows-Wheeler} transform},
  author={Cox, Anthony J and Bauer, Markus J and Jakobi, Tobias and Rosone, Giovanna},
  journal={Bioinformatics},
  volume={28},
  number={11},
  pages={1415--1419},
  year={2012},
  publisher={Oxford University Press}
}

@article{janin2014beetl,
  title={{BEETL}-fastq: a searchable compressed archive for {DNA} reads},
  author={Janin, Lilian and Schulz-Trieglaff, Ole and Cox, Anthony J},
  journal={Bioinformatics},
  volume={30},
  number={19},
  pages={2796--2801},
  year={2014},
  publisher={Oxford University Press}
}

@article{egidi2019external,
  title={External memory {BWT} and {LCP} computation for sequence collections with applications},
  author={Egidi, Lavinia and Louza, Felipe A and Manzini, Giovanni and Telles, Guilherme P},
  journal={Algorithms for Molecular Biology},
  volume={14},
  number={1},
  pages={1--15},
  year={2019},
  publisher={Springer}
}


@article{tcs/EgidiM20,
  author    = {Lavinia Egidi and
               Giovanni Manzini},
  title     = {Lightweight merging of compressed indices based on {BWT} variants},
  journal   = {Theoretical Computer Science},
  volume    = {812},
  pages     = {214--229},
  year      = {2020}
}



@INPROCEEDINGS{
        DNdcc21.3,
 	AUTHOR = "D. D{\'i}az-Dom{\'i}nguez and G. Navarro",
	TITLE = "A Grammar Compressor for Collections of Reads with 
		 Applications to the Construction of the {BWT}",
	BOOKTITLE = "Proc. 31th Data Compression Conference (DCC)",
        YEAR = "2021",
        NOTE = "To appear"
    }

@inproceedings{bentley2020complexity,
  title={On the Complexity of {BWT}-Runs Minimization via Alphabet Reordering},
  author={Bentley, Jason W and Gibney, Daniel and Thankachan, Sharma V},
  booktitle={28th Annual European Symposium on Algorithms (ESA 2020)},
  year={2020},
  organization={Schloss Dagstuhl-Leibniz-Zentrum f{\"u}r Informatik}
}

@article{gagie2017wheeler,
  title={Wheeler graphs: A framework for {BWT}-based data structures},
  author={Gagie, Travis and Manzini, Giovanni and Sir{\'e}n, Jouni},
  journal={Theoretical computer science},
  volume={698},
  pages={67--78},
  year={2017},
  publisher={Elsevier}
}

@article{ferragina2009compressing,
  title={Compressing and indexing labeled trees, with applications},
  author={Ferragina, Paolo and Luccio, Fabrizio and Manzini, Giovanni and Muthukrishnan, Senthilmurugan},
  journal={Journal of the ACM (JACM)},
  volume={57},
  number={1},
  pages={1--33},
  year={2009},
  publisher={ACM New York, NY, USA}
}

@inproceedings{bowe2012succinct,
  title={Succinct de {Bruijn} graphs},
  author={Bowe, Alexander and Onodera, Taku and Sadakane, Kunihiko and Shibuya, Tetsuo},
  booktitle={International workshop on algorithms in bioinformatics (WABI)},
  pages={225--235},
  year={2012},
  organization={Springer}
}

@article{siren2014indexing,
  title={Indexing graphs for path queries with applications in genome research},
  author={Sir{\'e}n, Jouni and V{\"a}lim{\"a}ki, Niko and M{\"a}kinen, Veli},
  journal={IEEE/ACM Transactions on Computational Biology and Bioinformatics},
  volume={11},
  number={2},
  pages={375--388},
  year={2014},
  publisher={IEEE}
}

@article{prezza2021subpath,
  title={Subpath Queries on Compressed Graphs: A Survey},
  author={Prezza, Nicola},
  journal={Algorithms},
  volume={14},
  number={1},
  pages={14},
  year={2021},
  publisher={Multidisciplinary Digital Publishing Institute}
}

@article{giuliani2019dollar,
  title={When a dollar makes a {BWT}},
  author={Giuliani, Sara and Lipt{\'a}k, Zsuzsanna and Masillo, Francesco and Rizzi, Romeo},
  journal={Theoretical Computer Science},
  year={2019},
  publisher={Elsevier}
}

@InProceedings{10.1007/978-3-030-67731-2_18,
author="Giuliani, Sara
and Inenaga, Shunsuke
and Lipt{\'a}k, Zsuzsanna
and Prezza, Nicola
and Sciortino, Marinella
and Toffanello, Anna",
editor="Bure{\v{s}}, Tom{\'a}{\v{s}}
and Dondi, Riccardo
and Gamper, Johann
and Guerrini, Giovanna
and Jurdzi{\'{n}}ski, Tomasz
and Pahl, Claus
and Sikora, Florian
and Wong, Prudence W.H.",
title="Novel Results on the Number of Runs of the {Burrows-Wheeler} Transform",
booktitle="SOFSEM 2021: Theory and Practice of Computer Science",
year="2021",
publisher="Springer International Publishing",
address="Cham",
pages="249--262",
isbn="978-3-030-67731-2"
}

@inproceedings{prezza2021locating,
  title={On Locating Paths in Compressed Tries},
  author={Prezza, Nicola},
  booktitle={Proceedings of the 2021 ACM-SIAM Symposium on Discrete Algorithms (SODA)},
  pages={744--760},
  year={2021},
  organization={SIAM}
}

@article{nishimoto2020faster,
  title={Faster Queries on {BWT}-runs Compressed Indexes},
  author={Nishimoto, Takaaki and Tabei, Yasuo},
  journal={arXiv preprint arXiv:2006.05104},
  year={2020}
}

@article{boucher2019prefix,
  title={Prefix-free parsing for building big {BWTs}},
  author={Boucher, Christina and Gagie, Travis and Kuhnle, Alan and Langmead, Ben and Manzini, Giovanni and Mun, Taher},
  journal={Algorithms for Molecular Biology},
  volume={14},
  number={1},
  pages={1--15},
  year={2019},
  publisher={BioMed Central}
}

@article{DBLP:journals/bioinformatics/RahnWR14,
  author    = {Ren{\'{e}} Rahn and
               David Weese and
               Knut Reinert},
  title     = {Journaled string tree - a scalable data structure for analyzing thousands
               of similar genomes on your laptop},
  journal   = {Bioinformatics},
  volume    = {30},
  number    = {24},
  pages     = {3499--3505},
  year      = {2014},
  url       = {https://doi.org/10.1093/bioinformatics/btu438},
  doi       = {10.1093/bioinformatics/btu438},
  timestamp = {Mon, 02 Mar 2020 16:24:11 +0100},
  biburl    = {https://dblp.org/rec/journals/bioinformatics/RahnWR14.bib},
  bibsource = {dblp computer science bibliography, https://dblp.org}
}

@article{ferrada2014hybrid,
  title={Hybrid indexes for repetitive datasets},
  author={Ferrada, H{\'e}ctor and Gagie, Travis and Hirvola, Tommi and Puglisi, Simon J},
  journal={Philosophical Transactions of the Royal Society A: Mathematical, Physical and Engineering Sciences},
  volume={372},
  number={2016},
  pages={20130137},
  year={2014},
  publisher={The Royal Society Publishing}
}

@article{gagie2015searching,
  title={Searching and indexing genomic databases via kernelization},
  author={Gagie, Travis and Puglisi, Simon J},
  journal={Frontiers in Bioengineering and Biotechnology},
  volume={3},
  pages={12},
  year={2015},
  publisher={Frontiers}
}

@inproceedings{ferrada2018hybrid,
  title={Hybrid indexing revisited},
  author={Ferrada, H{\'e}ctor and Kempa, Dominik and Puglisi, Simon J},
  booktitle={2018 Proceedings of the Twentieth Workshop on Algorithm Engineering and Experiments (ALENEX)},
  pages={1--8},
  year={2018},
  organization={SIAM}
}

@article{valenzuela2018towards,
  title={Towards pan-genome read alignment to improve variation calling},
  author={Valenzuela, Daniel and Norri, Tuukka and V{\"a}lim{\"a}ki, Niko and Pitk{\"a}nen, Esa and M{\"a}kinen, Veli},
  journal={BMC genomics},
  volume={19},
  number={2},
  pages={123--130},
  year={2018},
  publisher={BioMed Central}
}

@article{bannai2020refining,
  title={Refining the $r$-index},
  author={Bannai, Hideo and Gagie, Travis and Tomohiro, I},
  journal={etical Computer Science},
  volume={812},
  pages={96--108},
  year={2020},
  publisher={Elsevier}
}

@article{policriti2018lz77,
  title={{LZ77} computation based on the run-length encoded {BWT}},
  author={Policriti, Alberto and Prezza, Nicola},
  journal={Algorithmica},
  volume={80},
  number={7},
  pages={1986--2011},
  year={2018},
  publisher={Springer}
}

@inproceedings{karkkainen2009permuted,
  title={Permuted longest-common-prefix array},
  author={K{\"a}rkk{\"a}inen, Juha and Manzini, Giovanni and Puglisi, Simon J},
  booktitle={Annual Symposium on Combinatorial Pattern Matching},
  pages={181--192},
  year={2009},
  organization={Springer}
}

@ARTICLE{KRfingerprint,
  author={R. M. {Karp} and M. O. {Rabin}},
  journal={IBM Journal of Research and Development}, 
  title={Efficient randomized pattern-matching algorithms}, 
  year={1987},
  volume={31},
  number={2},
  pages={249-260},
  doi={10.1147/rd.312.0249}
 }
 
@inproceedings{doubling_algorithm,
author = {Karp, Richard M. and Miller, Raymond E. and Rosenberg, Arnold L.},
title = {Rapid Identification of Repeated Patterns in Strings, Trees and Arrays},
year = {1972},
doi = {10.1145/800152.804905},
booktitle = {Proceedings of the Fourth Annual ACM Symposium on Theory of Computing},
pages = {125â€“136},
numpages = {12},
}

@article{LOUZA201722,
title = "Inducing enhanced suffix arrays for string collections",
journal = "Theoretical Computer Science",
volume = "678",
pages = "22 - 39",
year = "2017",
doi = "https://doi.org/10.1016/j.tcs.2017.03.039",
author = "Felipe A. Louza and Simon Gog and Guilherme P. Telles",
}

@article{ropebwt2,
  author    = {Heng Li},
  title     = {Fast construction of {FM}-index for long sequence reads},
  journal   = {Bioinform.},
  volume    = {30},
  number    = {22},
  pages     = {3274--3275},
  year      = {2014},
  doi       = {10.1093/bioinformatics/btu541},
}

@article{spring,
    author = {Chandak, Shubham and Tatwawadi, Kedar and Ochoa, Idoia and Hernaez, Mikel and Weissman, Tsachy},
    title = "{SPRING: a next-generation compressor for FASTQ data}",
    journal = {Bioinformatics},
    volume = {35},
    number = {15},
    pages = {2674-2676},
    year = {2018},
    doi = {10.1093/bioinformatics/bty1015},
}

@article{RLO,
  author    = {Anthony J. Cox and
               Markus J. Bauer and
               Tobias Jakobi and
               Giovanna Rosone},
  title     = {Large-scale compression of genomic sequence databases with the {Burrows-Wheeler}
               transform},
  journal   = {Bioinform.},
  volume    = {28},
  number    = {11},
  pages     = {1415--1419},
  year      = {2012},
  doi       = {10.1093/bioinformatics/bts173},
}

@article{single-cell,
author = {Chitsaz, Hamidreza and Yee-Greenbaum, Joyclyn and Tesler, Glenn and Lombardo, Mary-Jane and Dupont, Christopher and Badger, Jonathan and Novotny, Mark and Rusch, Douglas and Fraser, Louise and Gormley, Niall and Schulz-Trieglaff, Ole and Smith, Geoffrey and Evers, Dirk and Pevzner, Pavel and Lasken, Roger},
year = {2011},
month = {09},
pages = {915-21},
title = {Efficient de novo assembly of single-cell bacterial genomes from short-read data sets},
volume = {29},
journal = {Nature biotechnology},
doi = {10.1038/nbt.1966}
}


@article{Gage-b,
  author    = {Tanja Magoc and
               Stephan Pabinger and
               Stefan Canzar and
               Xinyue Liu and
               Qi Su and
               Daniela Puiu and
               Luke J. Tallon and
               Steven L. Salzberg},
  title     = {{GAGE-B:} an evaluation of genome assemblers for bacterial organisms},
  journal   = {Bioinform.},
  volume    = {29},
  number    = {14},
  pages     = {1718--1725},
  year      = {2013},
  doi       = {10.1093/bioinformatics/btt273},
}

@article{muggli2017succinct,
  title={Succinct colored de {Bruijn} graphs},
  author={Muggli, Martin D and Bowe, Alexander and Noyes, Noelle R and Morley, Paul S and Belk, Keith E and Raymond, Robert and Gagie, Travis and Puglisi, Simon J and Boucher, Christina},
  journal={Bioinformatics},
  volume={33},
  number={20},
  pages={3181--3187},
  year={2017},
  publisher={Oxford University Press}
}

@inproceedings{almodaresi2017rainbowfish,
  title={Rainbowfish: a succinct colored de {Bruijn} graph representation},
  author={Almodaresi, Fatemeh and Pandey, Prashant and Patro, Rob},
  booktitle={17th International Workshop on Algorithms in Bioinformatics (WABI 2017)},
  year={2017},
  organization={Schloss Dagstuhl-Leibniz-Zentrum fuer Informatik}
}

@article{gagie2020fully,
  title={Fully functional suffix trees and optimal text searching in {BWT}-runs bounded space},
  author={Gagie, Travis and Navarro, Gonzalo and Prezza, Nicola},
  journal={Journal of the ACM (JACM)},
  volume={67},
  number={1},
  pages={1--54},
  year={2020},
  publisher={ACM New York, NY, USA}
}

@article{garrison2018variation,
  title={Variation graph toolkit improves read mapping by representing genetic variation in the reference},
  author={Garrison, Erik and Sir{\'e}n, Jouni and Novak, Adam M and Hickey, Glenn and Eizenga, Jordan M and Dawson, Eric T and Jones, William and Garg, Shilpa and Markello, Charles and Lin, Michael F and others},
  journal={Nature biotechnology},
  volume={36},
  number={9},
  pages={875--879},
  year={2018},
  publisher={Nature Publishing Group}
}

@article{kuhnle2020efficient,
  title={Efficient construction of a complete index for pan-genomics read alignment},
  author={Kuhnle, Alan and Mun, Taher and Boucher, Christina and Gagie, Travis and Langmead, Ben and Manzini, Giovanni},
  journal={Journal of Computational Biology},
  volume={27},
  number={4},
  pages={500--513},
  year={2020},
  publisher={Mary Ann Liebert, Inc., publishers 140 Huguenot Street, 3rd Floor New~â€¦}
}

@article{bwa,
  author    = {Heng Li and
               Richard Durbin},
  title     = {Fast and accurate short read alignment with {Burrows-Wheeler} transform},
  journal   = {Bioinformatics},
  volume    = {25},
  number    = {14},
  pages     = {1754--1760},
  year      = {2009},
  doi       = {10.1093/bioinformatics/btp324},
}

@inproceedings{DBLP:conf/dcc/BaierBOW20,
  author    = {Uwe Baier and
               Thomas B{\"{u}}chler and
               Enno Ohlebusch and
               Pascal Weber},
  editor    = {Ali Bilgin and
               Michael W. Marcellin and
               Joan Serra{-}Sagrist{\`{a}} and
               James A. Storer},
  title     = {Edge Minimization in de {Bruijn} Graphs},
  booktitle = {Data Compression Conference, {DCC} 2020, Snowbird, UT, USA, March
               24-27, 2020},
  pages     = {223--232},
  publisher = {{IEEE}},
  year      = {2020},
  url       = {https://doi.org/10.1109/DCC47342.2020.00030},
  doi       = {10.1109/DCC47342.2020.00030},
  timestamp = {Sat, 06 Jun 2020 14:37:37 +0200},
  biburl    = {https://dblp.org/rec/conf/dcc/BaierBOW20.bib},
  bibsource = {dblp computer science bibliography, https://dblp.org}
}

@inproceedings{JarnoSODA20,
author = {Alanko, Jarno and D'Agostino, Giovanna and Policriti, Alberto and Prezza, Nicola},
title = {Regular Languages Meet Prefix Sorting},
year = {2020},
publisher = {Society for Industrial and Applied Mathematics},
booktitle = {Proceedings of the Thirty-First Annual ACM-SIAM Symposium on Discrete Algorithms},
pages = {911â€“930},
numpages = {20},
series = {SODA '20}
}

@article{schirmer2016illumina,
  title={Illumina error profiles: resolving fine-scale variation in metagenomic sequencing data},
  author={Schirmer, Melanie and Dâ€™Amore, Rosalinda and Ijaz, Umer Z and Hall, Neil and Quince, Christopher},
  journal={BMC bioinformatics},
  volume={17},
  number={1},
  pages={1--15},
  year={2016},
  publisher={Springer}
}


@article{Jackman2017,
  doi = {10.1101/gr.214346.116},
  url = {https://doi.org/10.1101/gr.214346.116},
  year = {2017},
  month = feb,
  publisher = {Cold Spring Harbor Laboratory},
  volume = {27},
  number = {5},
  pages = {768--777},
  author = {Shaun D. Jackman and Benjamin P. Vandervalk and Hamid Mohamadi and Justin Chu and Sarah Yeo and S. Austin Hammond and Golnaz Jahesh and Hamza Khan and Lauren Coombe and Rene L. Warren and Inanc Birol},
  title = {{ABySS} 2.0: resource-efficient assembly of large genomes using a Bloom filter},
  journal = {Genome Research}
}

@article{Simpson2009,
  doi = {10.1101/gr.089532.108},
  year = {2009},
  publisher = {Cold Spring Harbor Laboratory},
  volume = {19},
  number = {6},
  pages = {1117--1123},
  author = {J. T. Simpson and K. Wong and S. D. Jackman and J. E. Schein and S. J.M. Jones and I. Birol},
  title = {{ABySS}: A parallel assembler for short read sequence data},
  journal = {Genome Research}
}



@article{Genome_ref_consortium,
	author = {Schneider, Valerie A. and Graves-Lindsay, Tina and Howe, Kerstin and Bouk, Nathan and Chen, Hsiu-Chuan and Kitts, Paul A. and Murphy, Terence D. and Pruitt, Kim D. and Thibaud-Nissen, Fran{\c c}oise and Albracht, Derek and Fulton, Robert S. and Kremitzki, Milinn and Magrini, Vince and Markovic, Chris and McGrath, Sean and Steinberg, Karyn Meltz and Auger, Kate and Chow, Will and Collins, Joanna and Harden, Glenn and Hubbard, Tim and Pelan, Sarah and Simpson, Jared T. and Threadgold, Glen and Torrance, James and Wood, Jonathan and Clarke, Laura and Koren, Sergey and Boitano, Matthew and Li, Heng and Chin, Chen-Shan and Phillippy, Adam M. and Durbin, Richard and Wilson, Richard K. and Flicek, Paul and Church, Deanna M.},
	title = {Evaluation of GRCh38 and de novo haploid genome assemblies demonstrates the enduring quality of the reference assembly},
	year = {2016},
	doi = {10.1101/072116},
	publisher = {Cold Spring Harbor Laboratory},
	journal = {bioRxiv}
}

@article{MSRCA,
    author = {Zimin, Aleksey V. and MarÃ§ais, Guillaume and Puiu, Daniela and Roberts, Michael and Salzberg, Steven L. and Yorke, James A.},
    title = "{The MaSuRCA genome assembler}",
    journal = {Bioinformatics},
    volume = {29},
    number = {21},
    pages = {2669-2677},
    year = {2013},
    month = {08},
    eprint = {https://academic.oup.com/bioinformatics/article-pdf/29/21/2669/18533361/btt476.pdf},
}

@misc{ecoli_ref,
  url = {
https://www.ncbi.nlm.nih.gov/nuccore/NC_000913}
}

@misc{staph_ref,
url = {https://www.ncbi.nlm.nih.gov/nuccore/87125858}}
  
  
@article{chr19_chm1,
  doi = {10.1101/gr.180893.114},
  url = {https://doi.org/10.1101/gr.180893.114},
  year = {2014},
  month = nov,
  publisher = {Cold Spring Harbor Laboratory},
  volume = {24},
  number = {12},
  pages = {2066--2076},
  author = {Karyn Meltz Steinberg and Valerie A. Schneider and Tina A. Graves-Lindsay and Robert S. Fulton and Richa Agarwala and John Huddleston and Sergey A. Shiryev and Aleksandr Morgulis and Urvashi Surti and Wesley C. Warren and Deanna M. Church and Evan E. Eichler and Richard K. Wilson},
  title = {Single haplotype assembly of the human genome from a hydatidiform mole},
  journal = {Genome Research}
}

@article{Elias1975,
  doi = {10.1109/tit.1975.1055349},
  url = {https://doi.org/10.1109/tit.1975.1055349},
  year = {1975},
  month = mar,
  publisher = {Institute of Electrical and Electronics Engineers ({IEEE})},
  volume = {21},
  number = {2},
  pages = {194--203},
  author = {P. Elias},
  title = {Universal codeword sets and representations of the integers},
  journal = {{IEEE} Transactions on Information Theory}
}

@article{kodama2012sequence,
  title={The Sequence Read Archive: explosive growth of sequencing data},
  author={Kodama, Yuichi and Shumway, Martin and Leinonen, Rasko},
  journal={Nucleic acids research},
  volume={40},
  number={D1},
  pages={D54--D56},
  year={2012},
  publisher={Oxford University Press}
}

@misc{LangmeadVideo,
    author    = "Ben Langmead",
    title     = "Algorithms for {DNA} Sequencing: Base calling and sequencing errors",
    publisher = "YouTube",
    year      = "2015",
    url       = "https://www.youtube.com/watch?v=U4QnpciIJhM&list=PL2mpR0RYFQsBiCWVJSvVAO3OJ2t7DzoHA&index=10",
    urldate   = "2021-03-22"
}

@article{arxived,
  title={XBWTing Readsets},
  author={Gagie, Travis and Gourdel, Garance and Manzini, Giovanni},
  journal={arXiv preprint arXiv:1809.07320},
  year={2018}
}