@article{muir2016real,
  title={The real cost of sequencing: scaling computation to keep pace with data generation},
  author={Muir, Paul and Li, Shantao and Lou, Shaoke and Wang, Daifeng and Spakowicz, Daniel J and Salichos, Leonidas and Zhang, Jing and Weinstock, George M and Isaacs, Farren and Rozowsky, Joel and others},
  journal={Genome biology},
  volume={17},
  number={1},
  pages={1--9},
  year={2016},
  publisher={BioMed Central}
}

@book{charras2004handbook,
  title={Handbook of exact string matching algorithms},
  author={Charras, Christian and Lecroq, Thierry},
  year={2004},
  publisher={King's College}
}

@article{KMP,
author = {Knuth, Donald E. and Morris, Jr., James H. and Pratt, Vaughan R.},
title = {Fast Pattern Matching in Strings},
journal = {SIAM Journal on Computing},
volume = {6},
number = {2},
pages = {323-350},
year = {1977},
doi = {10.1137/0206024},
}

@article{mongeau1990comparison,
  title={Comparison of musical sequences},
  author={Mongeau, Marcel and Sankoff, David},
  journal={Computers and the Humanities},
  volume={24},
  pages={161--175},
  year={1990},
  publisher={Springer}
}

@inproceedings{levenshtein1966binary,
  title={Binary codes capable of correcting deletions, insertions, and reversals},
  author={Levenshtein, Vladimir I and others},
  booktitle={Soviet physics doklady},
  volume={10},
  number={8},
  pages={707--710},
  year={1966},
  organization={Soviet Union}
}

@inproceedings{lukashenko2007computer,
  title={Computer-based plagiarism detection methods and tools: an overview},
  author={Lukashenko, Romans and Graudina, Vita and Grundspenkis, Janis},
  booktitle={Proceedings of the 2007 international conference on Computer systems and technologies},
  pages={1--6},
  year={2007}
}

@article{muir2016real,
  title={The real cost of sequencing: scaling computation to keep pace with data generation},
  author={Muir, Paul and Li, Shantao and Lou, Shaoke and Wang, Daifeng and Spakowicz, Daniel J and Salichos, Leonidas and Zhang, Jing and Weinstock, George M and Isaacs, Farren and Rozowsky, Joel and others},
  journal={Genome biology},
  volume={17},
  number={1},
  pages={1--9},
  year={2016},
  publisher={BioMed Central}
}

@book{charras2004handbook,
  title={Handbook of exact string matching algorithms},
  author={Charras, Christian and Lecroq, Thierry},
  year={2004},
  publisher={King's College}
}

@article{KMP,
author = {Knuth, Donald E. and Morris, Jr., James H. and Pratt, Vaughan R.},
title = {Fast Pattern Matching in Strings},
journal = {SIAM Journal on Computing},
volume = {6},
number = {2},
pages = {323-350},
year = {1977},
doi = {10.1137/0206024},
}

@article{mongeau1990comparison,
  title={Comparison of musical sequences},
  author={Mongeau, Marcel and Sankoff, David},
  journal={Computers and the Humanities},
  volume={24},
  pages={161--175},
  year={1990},
  publisher={Springer}
}

@inproceedings{levenshtein1966binary,
  title={Binary codes capable of correcting deletions, insertions, and reversals},
  author={Levenshtein, Vladimir I and others},
  booktitle={Soviet physics doklady},
  volume={10},
  number={8},
  pages={707--710},
  year={1966},
  organization={Soviet Union}
}

@inproceedings{lukashenko2007computer,
  title={Computer-based plagiarism detection methods and tools: an overview},
  author={Lukashenko, Romans and Graudina, Vita and Grundspenkis, Janis},
  booktitle={Proceedings of the 2007 international conference on Computer systems and technologies},
  pages={1--6},
  year={2007}
}

@book{fischer1974string,
  title={String-matching and other products},
  author={Fischer, Michael J and Paterson, Michael S},
  year={1974},
  publisher={Massachusetts Institute of Technology. Project MAC}
}

@article{landau1986efficient,
  title={Efficient string matching with k mismatches},
  author={Landau, Gad M and Vishkin, Uzi},
  journal={Theoretical Computer Science},
  volume={43},
  pages={239--249},
  year={1986},
  publisher={Elsevier}
}

@article{landau1989fast,
  title={Fast parallel and serial approximate string matching},
  author={Landau, Gad M and Vishkin, Uzi},
  journal={Journal of algorithms},
  volume={10},
  number={2},
  pages={157--169},
  year={1989},
  publisher={Elsevier}
}

@article{eres2004permutation,
  title={Permutation pattern discovery in biosequences},
  author={Eres, Revital and Landau, Gad M and Parida, Laxmi},
  journal={Journal of Computational Biology},
  volume={11},
  number={6},
  pages={1050--1060},
  year={2004},
  publisher={Mary Ann Liebert, Inc. 2 Madison Avenue Larchmont, NY 10538 USA}
}

@phdthesis{ejaz2010abelian,
  title={Abelian pattern matching in strings.},
  author={Ejaz, Tahir},
  year={2010},
  school={Dortmund University of Technology}
}

@inproceedings{baker1993theory,
  title={A theory of parameterized pattern matching: algorithms and applications},
  author={Baker, Brenda S},
  booktitle={Proceedings of the twenty-fifth annual ACM symposium on Theory of computing},
  pages={71--80},
  year={1993}
}
