@article{10.1145/8307.8309,
author = {Galil, Zvi and Giancarlo, Raffaele},
title = {Improved String Matching with $k$ Mismatches},
year = {1986},
issue_date = {March 1986},
volume = {17},
number = {4},
issn = {0163-5700},
url = {https://doi.org/10.1145/8307.8309},
doi = {10.1145/8307.8309},
journal = {SIGACT News},
month = mar,
pages = {52–54},
numpages = {3}
}


@InProceedings{10.1007/978-3-319-07959-2_28,
author="Gog, Simon
and Beller, Timo
and Moffat, Alistair
and Petri, Matthias",
title="From Theory to Practice: Plug and Play with Succinct Data Structures",
booktitle="Experimental Algorithms",
year="2014",
pages="326--337",
isbn="978-3-319-07959-2"
}


@book{Cormen:2009:IAT:1614191,
 author = {Cormen, Thomas H. and Leiserson, Charles E. and Rivest, Ronald L. and Stein, Clifford},
 title = {Introduction to Algorithms, Third Edition},
 year = {2009},
 isbn = {0262033844, 9780262033848},
 edition = {3rd},
 publisher = {The MIT Press}
} 

@book{Cohen:2010:CCA:1965598,
 author = {Cohen, Henri},
 title = {A Course in Computational Algebraic Number Theory},
 year = {2010},
 isbn = {3642081428, 9783642081422},
 publisher = {Springer Publishing Company, Incorporated}
}

@article{DBLP:journals/jcb/ThankachanCLAA16,
  author    = {Sharma V. Thankachan and
               Sriram P. Chockalingam and
               Yongchao Liu and
               Alberto Apostolico and
               Srinivas Aluru},
  title     = {{ALFRED:} {A} Practical Method for Alignment-Free Distance Computation},
  journal   = {Journal of Computational Biology},
  volume    = {23},
  number    = {6},
  pages     = {452--460},
  year      = {2016},
  doi       = {10.1089/cmb.2015.0217}
}

@inproceedings{DBLP:conf/focs/ChakrabortyDGKS18,
  author    = {Diptarka Chakraborty and
               Debarati Das and
               Elazar Goldenberg and
               Michal Kouck{\'{y}} and
               Michael E. Saks},
  title     = {Approximating Edit Distance within Constant Factor in Truly Sub-Quadratic
               Time},
  booktitle = {FOCS'18},
  pages     = {979--990},
  year      = {2018},
  doi = {10.1109/FOCS.2018.00096}
}

@article{reservoir,
    author = {Chao, Min-Te},
    title = "{A general purpose unequal probability sampling plan}",
    journal = {Biometrika},
    volume = {69},
    number = {3},
    pages = {653-656},
    year = {1982},
    month = {12},
    doi = {10.2307/2336002}
}


@InProceedings{lca,
author="Bender, Michael A.
and Farach, Mart{\'i}n",
title="The {LCA} Problem Revisited",
booktitle="LATIN'00",
year="2000",
pages="88--94"
}


@InProceedings{wla-2,
author="Farach, Martin
and Muthukrishnan, S.",
title="Perfect hashing for strings: Formalization and algorithms",
booktitle="CPM'96",
year="1996",
pages="130--140",
isbn="978-3-540-68390-2"
}


@InProceedings{wla-3,
author="Gawrychowski, Pawe{\l} and Lewenstein, Moshe and Nicholson, Patrick K.",
editor="Schulz, Andreas S.
and Wagner, Dorothea",
title="Weighted Ancestors in Suffix Trees",
booktitle="ESA'14",
year="2014",
pages="455--466",
isbn="978-3-662-44777-2"
}

@inproceedings{wla-1,
 author = {Kopelowitz, Tsvi and Lewenstein, Moshe},
 title = {Dynamic Weighted Ancestors},
 booktitle = {SODA'07},
 year = {2007},
 isbn = {978-0-898716-24-5},
 pages = {565--574},
 numpages = {10},
 acmid = {1283444},
 publisher = {Society for Industrial and Applied Mathematics},
 address = {Philadelphia, PA, USA}
} 


@Article{Thankachan2017,
author="Thankachan, Sharma V.
and Chockalingam, Sriram P.
and Liu, Yongchao
and Krishnan, Ambujam
and Aluru, Srinivas",
title="A greedy alignment-free distance estimator for phylogenetic inference",
journal="BMC Bioinformatics",
year="2017",
volume="18",
number="8",
pages="238",
doi       = {10.1186/s12859-017-1658-0}
}

@article{topsok2006some,
  title={Some bounds for the logarithmic function},
  author={Tops{\o}e, Flemming},
  journal={Inequality theory and applications},
  volume={4},
  pages={137},
  year={2006}
}

@inproceedings{MR737400,
    AUTHOR = {Johnson, William B. and Lindenstrauss, Joram},
     TITLE = {Extensions of {L}ipschitz mappings into a {H}ilbert space},
 BOOKTITLE = {{Modern Analysis and Probability}},
    SERIES = {Contemporary Mathematics},
    VOLUME = {26},
     PAGES = {189--206},
      YEAR = {1984},
   MRCLASS = {46B20},
  MRNUMBER = {737400},
MRREVIEWER = {Yehoram Gordon},
}


@article{algorithmR,
 author = {Vitter, Jeffrey S.},
 title = {Random Sampling with a Reservoir},
 journal = {ACM Trans. Math. Softw.},
 issue_date = {March 1985},
 volume = {11},
 number = {1},
 month = mar,
 year = {1985},
 issn = {0098-3500},
 pages = {37--57},
 numpages = {21},
 acmid = {3165},
 publisher = {ACM}
} 

@inproceedings{Dhagat:1992:PLQ:139404.139409,
 author = {Dhagat, Aditi and G\'{a}cs, Peter and Winkler, Peter},
 title = {On Playing ``{T}wenty Questions'' with a Liar},
 booktitle = {SODA'92},
 year = {1992},
 isbn = {0-89791-466-X},
 pages = {16--22},
 url       = {http://dl.acm.org/citation.cfm?id=139404.139409},
 numpages = {7},
 acmid = {139409}
} 

@article{DBLP:journals/algorithmica/KociumakaRS19,
  author    = {Tomasz Kociumaka and
               Jakub Radoszewski and
               Tatiana Starikovskaya},
  title     = {Longest Common Substring with Approximately $k$ Mismatches},
  journal   = {Algorithmica},
  volume    = {81},
  number    = {6},
  pages     = {2633--2652},
  year      = {2019},
  doi       = {10.1007/s00453-019-00548-x}
}

@InProceedings{DBLP:conf/soda/AbboudWY15,
  author    = {Amir Abboud and Richard Ryan Williams and Huacheng Yu},
  title     = {More Applications of the Polynomial Method to Algorithm Design},
  booktitle = {SODA'15},
  year      = {2015},
  pages     = {218--230},
  doi       = {10.1137/1.9781611973730.17}
}

@Article{agrawal2004primes,
  author    = {Manindra Agrawal and Neeraj Kayal and Nitin Saxena},
  title     = {{PRIMES} is in {P}},
  journal   = {Annals of Mathematics},
  year      = {2004},
  volume    = {160},
  number    = {2},
  pages     = {781--793},
  groups    = {2017_lcs_mismatches},
  doi = {10.4007/annals.2004.160.781}
}

@Book{Probability,
  title     = {The Probabilistic Method},
  publisher = {John Wiley {\&} Sons, Inc.},
  year      = {2000},
  author    = {Noga Alon and Joel H. Spencer},
  month     = {aug},
  isbn      = {0-471-53588-5},
}

@Article{AGM+90,
  author    = {Stephen Altschul and Warren Gish and Webb Miller and Eugene Myers and David Lipman},
  title     = {Basic local alignment search tool},
  journal   = {J. Mol. Biol.},
  year      = {1990},
  volume    = {215},
  number    = {3},
  pages     = {403--410},
  month     = {oct},
  groups    = {2017_lcs_mismatches},
  publisher = {Elsevier},
}

@InProceedings{substringNN,
  author    = {Alexandr Andoni and Piotr Indyk},
  title     = {Efficient algorithms for substring near neighbor problem},
  booktitle = {SODA'06},
  year      = {2006},
  pages     = {1203--1212},
  doi = {10.1145/1109557.1109690}
}

@Article{DBLP:journals/poit/BabenkoS11,
  author    = {Maxim Babenko and Tatiana Starikovskaya},
  title     = {Computing the longest common substring with one mismatch},
  journal   = {Problems of Information Transmission},
  year      = {2011},
  volume    = {47},
  number    = {1},
  pages     = {28--33},
  doi       = {10.1134/S0032946011010030}
}

@InProceedings{LCS-1,
  author    = {Maxim Babenko and Tatiana Starikovskaya},
  title     = {Computing Longest Common Substrings Via Suffix Arrays},
  booktitle = {Computer Science Symposium in Russia, {CSR} 2008},
  year      = {2008},
  editor    = {Edward A. Hirsch and Alexander A. Razborov and Alexei L. Semenov and Anatol Slissenko},
  volume    = {5010},
  series    = {LNCS},
  pages     = {64--75},
  publisher = {Springer},
}

@article{DBLP:conf/stoc/BackursI15,
  author    = {Arturs Backurs and
               Piotr Indyk},
  title     = {Edit Distance Cannot Be Computed in Strongly Subquadratic Time (Unless
               {SETH} is False)},
  journal   = {SIAM Journal on Computing},
  volume    = {47},
  number    = {3},
  pages     = {1087--1097},
  year      = {2018},
  doi       = {10.1137/15M1053128},
  timestamp = {Mon, 23 Jul 2018 16:59:28 +0200},
  biburl    = {https://dblp.org/rec/bib/journals/siamcomp/BackursI18},
  bibsource = {dblp computer science bibliography, https://dblp.org}
}

@InProceedings{LCE-1,
  author    = {Philip Bille and Inge Li G{\o}rtz and Jesper Kristensen},
  title     = {Longest Common Extensions via Fingerprinting},
  booktitle = {Language and Automata Theory and Applications, {LATA} 2012},
  year      = {2012},
  editor    = {Adrian{-}Horia Dediu and Carlos Mart{\'{\i}}n{-}Vide},
  volume    = {7183},
  series    = {LNCS},
  pages     = {119--130},
  publisher = {Springer},
}

@Article{DBLP:journals/jda/BilleGSV14,
  author    = {Philip Bille and Inge Li G{\o}rtz and Benjamin Sach and Hjalte Wedel Vildh{\o}j},
  title     = {Time-space trade-offs for longest common extensions},
  journal   = {JDA},
  year      = {2014},
  volume    = {25},
  pages     = {42--50},
}

@InProceedings{DBLP:conf/focs/BringmannK15,
  author    = {Karl Bringmann and Marvin K{\"{u}}nnemann},
  title     = {Quadratic Conditional Lower Bounds for String Problems and Dynamic Time Warping},
  booktitle = {FOCS'15},
  year      = {2015},
  pages     = {79--97},
  publisher = {{IEEE} Computer Society},
}

@InProceedings{DBLP:conf/stoc/ChanL15,
  author    = {Timothy M. Chan and Moshe Lewenstein},
  title     = {Clustered Integer 3{SUM} via Additive Combinatorics},
  booktitle = {SOTC'15},
  year      = {2015},
  editor    = {Rocco A. Servedio and Ronitt Rubinfeld},
  pages     = {31--40},
  publisher = {{ACM}},
}

@InProceedings{DBLP:conf/cpm/Charalampopoulos18,
  author        = {Panagiotis Charalampopoulos and Maxime Crochemore and Costas S. Iliopoulos and Tomasz Kociumaka and Solon P. Pissis and Jakub Radoszewski and Wojciech Rytter and Tomasz Waleń},
  title         = {Linear-Time Algorithm for Long {LCF} with $k$ Mismatches},
  booktitle     = {CPM'18},
  year          = {2018},
  pages         = {23:1--23:16},
  doi       = {10.4230/LIPIcs.CPM.2018.23}
}

@Book{ksiazka,
  title     = {Parameterized Algorithms},
  publisher = {Springer},
  year      = {2015},
  author    = {Marek Cygan and Fedor V. Fomin and Lukasz Kowalik and Daniel Lokshtanov and D{\'{a}}niel Marx and Marcin Pilipczuk and Michał Pilipczuk and Saket Saurabh},
  isbn      = {978-3-319-21274-6},
}

@Article{DBLP:journals/siamcomp/FischerH11,
  author    = {Johannes Fischer and Volker Heun},
  title     = {Space-Efficient Preprocessing Schemes for Range Minimum Queries on Static Arrays},
  journal   = {{SIAM} J. Comput.},
  year      = {2011},
  volume    = {40},
  number    = {2},
  pages     = {465--492},
}

@InProceedings{FischerPaterson,
  author    = {Michael J. Fischer and Michael S. Paterson},
  title     = {String matching and other products},
  booktitle = {Complexity of Computation},
  year      = {1974},
  pages     = {113-125}
}

@Article{DBLP:journals/ipl/FlouriGKU15,
  author    = {Tom{\'{a}}s Flouri and Emanuele Giaquinta and Kassian Kobert and Esko Ukkonen},
  title     = {Longest common substrings with $k$ mismatches},
  journal   = {Information Processing Letters},
  year      = {2015},
  volume    = {115},
  number    = {6-8},
  pages     = {643--647},
  doi = {10.1016/j.ipl.2015.03.006}
}

@Article{kangaroo-2,
  author    = {Zvi Galil and Raffaele Giancarlo},
  title     = {Parallel String Matching with $k$ Mismatches},
  journal   = {Theor. Comput. Sci.},
  year      = {1987},
  volume    = {51},
  pages     = {341--348},
}

@Article{DBLP:journals/ipl/Grabowski15,
  author    = {Szymon Grabowski},
  title     = {A note on the longest common substring with $k$-mismatches problem},
  journal   = {Information Processing Letters},
  year      = {2015},
  volume    = {115},
  number    = {6-8},
  pages     = {640--642},
  doi       = {10.1016/j.ipl.2015.03.006}
}

@Book{DBLP:books/cu/Gusfield1997,
  title     = {Algorithms on Strings, Trees, and Sequences: Computer Science and Computational Biology},
  publisher = {Cambridge University Press},
  year      = {1997},
  author    = {Dan Gusfield},
  isbn      = {0-521-58519-8},
}

@Article{DBLP:journals/siamcomp/HarelT84,
  author    = {Dov Harel and Robert Endre Tarjan},
  title     = {Fast Algorithms for Finding Nearest Common Ancestors},
  journal   = {SIAM J. Comput.},
  year      = {1984},
  volume    = {13},
  number    = {2},
  pages     = {338--355},
}

@Article{DBLP:journals/toc/Har-PeledIM12,
  author    = {Sariel Har{-}Peled and Piotr Indyk and Rajeev Motwani},
  title     = {Approximate Nearest Neighbor: Towards Removing the Curse of Dimensionality},
  journal   = {Theory of Computing},
  year      = {2012},
  volume    = {8},
  number    = {1},
  pages     = {321--350},
}

@Article{MR0144363,
  author        = {Wassily Hoeffding},
  title         = {Probability Inequalities for Sums of Bounded Random Variables},
  journal       = {J. of ASA},
  year          = {1963},
  volume        = {58},
  number        = {301},
  pages         = {13--30},
  month         = {mar},
  issn          = {0162-1459},
  groups        = {2017_lcs_mismatches},
  keywords      = {60.20},
  mrnumber      = {0144363},
}

@InProceedings{DBLP:conf/cpm/Hui92,
  author    = {Lucas Chi Kwong Hui},
  title     = {Color Set Size Problem with Application to String Matching},
  booktitle = {CPM'92},
  year      = {1992},
  pages     = {230--243},
  publisher = {Springer},
}

@Article{LCE-4,
  author    = {Lucian Ilie and Gonzalo Navarro and Liviu Tinta},
  title     = {The longest common extension problem revisited and applications to approximate string searching},
  journal   = {JDA},
  year      = {2010},
  volume    = {8},
  number    = {4},
  pages     = {418--428},
}

@Article{DBLP:journals/jcss/ImpagliazzoP01,
  author    = {Russell Impagliazzo and Ramamohan Paturi},
  title     = {On the Complexity of $k$-{SAT}},
  journal   = {JCSS},
  year      = {2001},
  volume    = {62},
  number    = {2},
  pages     = {367--375},
}

@inproceedings{SETH_survey,
author = {Virginia Vassilevska  Williams},
title = {ON SOME FINE-GRAINED QUESTIONS IN ALGORITHMS AND COMPLEXITY},
booktitle = {ICM'18},
pages = {3447-3487},
doi = {10.1142/9789813272880_0188},
year = {2018}
}

@Article{DBLP:journals/jcss/ImpagliazzoPZ01,
  author    = {Russell Impagliazzo and Ramamohan Paturi and Francis Zane},
  title     = {Which Problems Have Strongly Exponential Complexity?},
  journal   = {Journal of Computer and System Sciences},
  year      = {2001},
  volume    = {63},
  number    = {4},
  pages     = {512--530},
  doi       = {10.1006/jcss.2001.1774}
}

@Article{DBLP:journals/ibmrd/KarpR87,
  author    = {Richard M. Karp and Michael O. Rabin},
  title     = {Efficient Randomized Pattern-Matching Algorithms},
  journal   = {IBM Journal of Research and Development},
  year      = {1987},
  volume    = {31},
  doi       = {10.1147/rd.312.0249},
  number    = {2},
  pages     = {249--260},
}

@InProceedings{DBLP:conf/esa/KociumakaSV14,
  author    = {Tomasz Kociumaka and Tatiana Starikovskaya and Hjalte Wedel Vildh{\o}j},
  title     = {Sublinear Space Algorithms for the Longest Common Substring Problem},
  booktitle = {ESA'14},
  year      = {2014},
  volume    = {8737},
  series    = {LNCS},
  pages     = {605--617},
  publisher = {Springer},
}

@Article{DBLP:journals/siamcomp/KushilevitzOR00,
  author    = {Eyal Kushilevitz and Rafail Ostrovsky and Yuval Rabani},
  title     = {Efficient Search for Approximate Nearest Neighbor in High Dimensional Spaces},
  journal   = {{SIAM} J. Comput.},
  year      = {2000},
  volume    = {30},
  number    = {2},
  pages     = {457--474},
}

@Article{DBLP:journals/tcs/LandauV86,
  author    = {Gad M. Landau and Uzi Vishkin},
  title     = {Efficient String Matching with $k$ Mismatches},
  journal   = {Theor. Comput. Sci.},
  year      = {1986},
  volume    = {43},
  pages     = {239--249},
}

@Article{kmacs,
  author    = {Chris{-}Andre Leimeister and Burkhard Morgenstern},
  title     = {kmacs: the $k$-mismatch average common substring approach to alignment-free sequence comparison},
  journal   = {Bioinformatics},
  year      = {2014},
  volume    = {30},
  number    = {14},
  pages     = {2000--2008},
    doi       = {10.1093/bioinformatics/btu331}
}

@InProceedings{DBLP:conf/cpm/StarikovskayaV13,
  author    = {Tatiana Starikovskaya and Hjalte Wedel Vildh{\o}j},
  title     = {Time-Space Trade-Offs for the Longest Common Substring Problem},
  booktitle = {CPM'13},
  year      = {2013},
  pages     = {223--234},
  publisher = {Springer},
}

@Article{DBLP:journals/moc/TaoCH12,
  author    = {Tao, Terence and Croot III, Ernest and Helfgott, Harald},
  title     = {Deterministic methods to find primes},
  journal   = {AMS Mathematics of Computation},
  year      = {2012},
  volume    = {81},
  number    = {278},
  pages     = {1233--1246},
  doi       = {10.1090/S0025-5718-2011-02542-1}
}

@InProceedings{DBLP:conf/recomb/ThankachanACA18,
  author    = {Sharma V. Thankachan and Chaitanya Aluru and Sriram P. Chockalingam and Srinivas Aluru},
  title     = {Algorithmic Framework for Approximate Matching Under Bounded Edits with Applications to Sequence Analysis},
  booktitle = {RECOMB'18},
  year      = {2018},
  pages     = {211--224},
  publisher = {Springer},
}

@Article{DBLP:journals/jcb/ThankachanAA16,
  author    = {Sharma V. Thankachan and Alberto Apostolico and Srinivas Aluru},
  title     = {A Provably Efficient Algorithm for the \emph{k}-Mismatch Average Common Substring Problem},
  journal   = {Journal of Computational Biology},
  doi       = {10.1089/cmb.2015.0235},
  year      = {2016},
  volume    = {23},
  number    = {6},
  pages     = {472--482},
}

@InProceedings{DBLP:conf/focs/Weiner73,
  author    = {Weiner, Peter},
  title     = {Linear Pattern Matching Algorithms},
  booktitle = {SWAT'73},
  year      = {1973},
  pages     = {1--11}
}

@Article{DBLP:journals/tcs/Williams05,
  author    = {Ryan Williams},
  title     = {A new algorithm for optimal 2-constraint satisfaction and its implications},
  journal   = {TCS},
  year      = {2005},
  volume    = {348},
  number    = {2-3},
  pages     = {357--365},
}

@article{10.1093/bioinformatics/btu331,
    author = {Morgenstern, Burkhard and Leimeister, Chris-Andre},
    title = "{kmacs: the k -mismatch average common substring approach to alignment-free sequence comparison}",
    journal = {Bioinformatics},
    volume = {30},
    number = {14},
    pages = {2000-2008},
    year = {2014},
    month = {05},
    issn = {1367-4803},
}

@article{ulitsky2006average,
  title={The average common substring approach to phylogenomic reconstruction},
  author={Ulitsky, Igor and Burstein, David and Tuller, Tamir and Chor, Benny},
  journal={J. of Comp. Biol.},
  volume={13},
  number={2},
  pages={336--350},
  year={2006},
  publisher={Mary Ann Liebert, Inc. 2 Madison Avenue Larchmont, NY 10538 USA}
}

@inproceedings{DBLP:journals/corr/abs-1803-00904,
 author = {Rubinstein, Aviad},
 title = {Hardness of Approximate Nearest Neighbor Search},
 booktitle = {STOC'18},
 year = {2018},
 pages = {1260--1268},
 doi       = {10.1145/3188745.3188916}
}

@inproceedings{DBLP:conf/stoc/AndoniR15,
  author    = {Alexandr Andoni and
               Ilya Razenshteyn},
  title     = {Optimal Data-Dependent Hashing for Approximate Near Neighbors},
  booktitle = {STOC'15},
  pages     = {793--801},
  year      = {2015},
  doi       = {10.1145/2746539.2746553}
}

@article{ACHLIOPTAS2003671,
title = "Database-friendly random projections: {J}ohnson-{L}indenstrauss with binary coins",
journal = "Journal of Computer and System Sciences",
volume = "66",
number = "4",
pages = "671--687",
year = "2003",
issn = "0022-0000",
author = "Dimitris Achlioptas",
doi       = "10.1016/S0022-0000(03)00025-4"
}

@inproceedings{Porat:09,
  author    = {Benny Porat and
               Ely Porat},
  title     = {Exact and Approximate Pattern Matching in the Streaming Model},
  booktitle = {FOCS'09},
  pages     = {315--323},
  year      = {2009},
  doi       = {10.1109/FOCS.2009.11}
}
