@article{DBLP:journals/corr/abs-2207-00915,
  author    = {Zoe Xi and
               William Kuszmaul},
  title     = {Approximating Dynamic Time Warping Distance Between Run-Length Encoded
               Strings},
  note = {Accepted to ESA 2022},
  journal   = {CoRR},
  volume    = {abs/2207.00915},
  year      = {2022},
  url       = {https://doi.org/10.48550/arXiv.2207.00915},
  doi       = {10.48550/arXiv.2207.00915},
  eprinttype = {arXiv},
  eprint    = {2207.00915},
  timestamp = {Wed, 06 Jul 2022 15:50:43 +0200},
  biburl    = {https://dblp.org/rec/journals/corr/abs-2207-00915.bib},
  bibsource = {dblp computer science bibliography, https://dblp.org}
}


@article{10.1093/bioinformatics/bty191,
    author = {Li, Heng},
    title = "{Minimap2: pairwise alignment for nucleotide sequences}",
    journal = {Bioinformatics},
    volume = {34},
    number = {18},
    pages = {3094-3100},
    year = {2018},
    month = {05},
    issn = {1367-4803},
    doi = {10.1093/bioinformatics/bty191},
    eprint = {https://academic.oup.com/bioinformatics/article-pdf/34/18/3094/25731859/bty191.pdf},
}



@misc{https://doi.org/10.48550/arxiv.1303.3997,
  doi = {10.48550/ARXIV.1303.3997},  
  author = {Li, Heng},
  
  keywords = {Genomics (q-bio.GN), FOS: Biological sciences, FOS: Biological sciences},
  
  title = {Aligning sequence reads, clone sequences and assembly contigs with BWA-MEM},
  
  publisher = {arXiv},
  
  year = {2013},
  
  copyright = {arXiv.org perpetual, non-exclusive license}
}


@Article{LV97,
  author    = {Gad M. Landau and Uzi Vishkin},
  journal   = {Journal of Computer and System Sciences},
  title     = {Fast String Matching with k Differences},
  year      = {1988},
  number    = {1},
  pages     = {63--78},
  volume    = {37},
  bibsource = {dblp computer science bibliography, https://dblp.org},
  biburl    = {https://dblp.org/rec/journals/jcss/LandauV88.bib},
  doi       = {10.1016/0022-0000(88)90045-1},
}

@article{LMS98,
  author    = {Gad M. Landau and
               Eugene W. Myers and
               Jeanette P. Schmidt},
  title     = {Incremental String Comparison},
  journal   = {{SIAM} J. Comput.},
  volume    = {27},
  number    = {2},
  pages     = {557--582},
  year      = {1998},
  doi       = {10.1137/S0097539794264810},
  timestamp = {Wed, 14 Nov 2018 10:45:07 +0100},
  biburl    = {https://dblp.org/rec/journals/siamcomp/LandauMS98.bib},
  bibsource = {dblp computer science bibliography, https://dblp.org}
}

@InProceedings{ANN,
  author =	{Ioannis Z. Emiris and Ioannis Psarros},
  title =	{{Products of Euclidean Metrics and Applications to Proximity Questions among Curves}},
  booktitle =	{SoCG'18},
  pages =	{37:1--37:13},
  series =	{LIPIcs},
  ISBN =	{978-3-95977-066-8},
  ISSN =	{1868-8969},
  year =	{2018},
  volume =	{99},
  URN =		{urn:nbn:de:0030-drops-87504},
  doi =		{10.4230/LIPIcs.SoCG.2018.37},
  annote =	{Keywords: Approximate nearest neighbor, polygonal curves, Fr{\'e}chet distance, dynamic time warping}
}

@InProceedings{LSH,
  author =	{Anne Driemel and Francesco Silvestri},
  title =	{{Locality-Sensitive Hashing of Curves}},
  booktitle =	{SoCG'17},
  pages =	{37:1--37:16},
  series =	{LIPIcs},
  ISBN =	{978-3-95977-038-5},
  ISSN =	{1868-8969},
  year =	{2017},
  volume =	{77},
  URN =		{urn:nbn:de:0030-drops-72032},
  doi =		{10.4230/LIPIcs.SoCG.2017.37},
  annote =	{Keywords: Locality-Sensitive Hashing, Frechet distance, Dynamic Time Warping}
}

@article{DBLP:journals/jcss/FakcharoenpholRT04,
  author    = {Jittat Fakcharoenphol and
               Satish Rao and
               Kunal Talwar},
  title     = {A tight bound on approximating arbitrary metrics by tree metrics},
  journal   = {J. Comput. Syst. Sci.},
  volume    = {69},
  number    = {3},
  pages     = {485--497},
  year      = {2004},
  doi       = {10.1016/j.jcss.2004.04.011},
  timestamp = {Tue, 16 Feb 2021 14:04:44 +0100},
  biburl    = {https://dblp.org/rec/journals/jcss/FakcharoenpholRT04.bib},
  bibsource = {dblp computer science bibliography, https://dblp.org}
}

@article{DBLP:journals/jacm/BansalBMN15,
  author    = {Nikhil Bansal and
               Niv Buchbinder and
               Aleksander Madry and
               Joseph Naor},
  title     = {A Polylogarithmic-Competitive Algorithm for the \emph{k}-Server Problem},
  journal   = {J. {ACM}},
  volume    = {62},
  number    = {5},
  pages     = {40:1--40:49},
  year      = {2015},
  doi       = {10.1145/2783434},
  timestamp = {Tue, 15 Feb 2022 07:54:27 +0100},
  biburl    = {https://dblp.org/rec/journals/jacm/BansalBMN15.bib},
  bibsource = {dblp computer science bibliography, https://dblp.org}
}

@InProceedings{abboud_et_al:LIPIcs:2018:9012,
  author =	{Amir Abboud and Karl Bringmann},
  title =	{Tighter Connections Between Formula-{SAT} and Shaving Logs},
  booktitle =	{ICALP'18},
  pages =	{8:1--8:18},
  series =	{LIPIcs},
  ISBN =	{978-3-95977-076-7},
  ISSN =	{1868-8969},
  year =	{2018},
  volume =	{107},
  URN =		{urn:nbn:de:0030-drops-90129},
  doi =		{10.4230/LIPIcs.ICALP.2018.8},
  annote =	{Keywords: Fine-Grained Complexity, Hardness in P, Formula-SAT, Longest Common Subsequence, Frechet Distance}
}


@article{DBLP:journals/corr/abs-2101-01108,
  author    = {William Kuszmaul},
  title     = {Binary Dynamic Time Warping in Linear Time},
  journal   = {CoRR},
  volume    = {abs/2101.01108},
  year      = {2021},
  eprinttype = {arXiv},
  eprint    = {2101.01108},
  timestamp = {Thu, 21 Jan 2021 14:42:30 +0100},
  biburl    = {https://dblp.org/rec/journals/corr/abs-2101-01108.bib},
  bibsource = {dblp computer science bibliography, https://dblp.org}
}

@article{DBLP:journals/talg/GoldS18,
  author    = {Omer Gold and
               Micha Sharir},
  title     = {Dynamic Time Warping and Geometric Edit Distance: Breaking the Quadratic
               Barrier},
  journal   = {{ACM} Trans. Algorithms},
  volume    = {14},
  number    = {4},
  pages     = {50:1--50:17},
  year      = {2018},
  doi       = {10.1145/3230734},
  timestamp = {Wed, 21 Nov 2018 12:44:28 +0100},
  biburl    = {https://dblp.org/rec/journals/talg/GoldS18.bib},
  bibsource = {dblp computer science bibliography, https://dblp.org}
}

@article{sakoe1978dynamic,
  title={Dynamic programming algorithm optimization for spoken word recognition},
  author={Sakoe, Hiroaki and Chiba, Seibi},
  journal={IEEE transactions on acoustics, speech, and signal processing},
  volume={26},
  number={1},
  pages={43--49},
  year={1978},
  publisher={IEEE}
}


@inproceedings{hwang2017sparse,
  title={Sparse dynamic time warping},
  author={Hwang, Youngha and Gelfand, Saul B},
  booktitle={MLDM'17},
  series = {LNCS},
  volume = {10358},
  pages={163--175},
  year={2017}
}

@article{DBLP:journals/corr/abs-1903-03003,
  author    = {Vincent Froese and
               Brijnesh J. Jain and
               Maciej Rymar and
               Mathias Weller},
  title     = {Fast Exact Dynamic Time Warping on Run-Length Encoded Time Series},
  journal   = {CoRR},
  volume    = {abs/1903.03003},
  year      = {2019},
  eprinttype = {arXiv},
  eprint    = {1903.03003},
  timestamp = {Mon, 06 Sep 2021 13:59:54 +0200},
  biburl    = {https://dblp.org/rec/journals/corr/abs-1903-03003.bib},
  bibsource = {dblp computer science bibliography, https://dblp.org}
}

@inproceedings{DBLP:conf/focs/AbboudBW15,
  author    = {Amir Abboud and
               Arturs Backurs and
               Virginia Vassilevska Williams},
  title     = {Tight Hardness Results for {LCS} and Other Sequence Similarity Measures},
  booktitle = {FOCS'15},
  pages     = {59--78},
  publisher = {{IEEE} Computer Society},
  year      = {2015},
 doi       = {10.1109/FOCS.2015.14},
  timestamp = {Wed, 16 Oct 2019 14:14:54 +0200},
  biburl    = {https://dblp.org/rec/conf/focs/AbboudBW15.bib},
  bibsource = {dblp computer science bibliography, https://dblp.org}
}

@inproceedings{DBLP:conf/focs/BringmannK15,
  author    = {Karl Bringmann and
               Marvin K{\"{u}}nnemann},
  title = {Quadratic conditional lower bounds for string problems and dynamic time warping},
  booktitle     = {FOCS'15},
  pages     = {79--97},
  year      = {2015},
  doi       = {10.1109/FOCS.2015.15},
  timestamp = {Wed, 16 Oct 2019 14:14:54 +0200},
  biburl    = {https://dblp.org/rec/conf/focs/BringmannK15.bib},
  bibsource = {dblp computer science bibliography, https://dblp.org}
}

@inproceedings{DBLP:conf/pkdd/DupontM15a,
  author    = {Marc Dupont and
               Pierre{-}Fran{\c{c}}ois Marteau},
  title     = {Coarse-{DTW} for Sparse Time Series Alignment},
  booktitle = {{AALTD}'15},
  series    = {LNCS},
  volume    = {9785},
  pages     = {157--172},
  year      = {2015},
  doi       = {10.1007/978-3-319-44412-3\_11},
  timestamp = {Tue, 14 May 2019 10:00:47 +0200},
  biburl    = {https://dblp.org/rec/conf/pkdd/DupontM15a.bib},
  bibsource = {dblp computer science bibliography, https://dblp.org}
}

@inproceedings{DBLP:conf/mldm/HwangG19,
  author    = {Youngha Hwang and
               Saul B. Gelfand},
  title     = {Binary Sparse Dynamic Time Warping},
  booktitle = {{MLDM}'19},
  pages     = {748--759},
  publisher = {ibai Publishing},
  year      = {2019},
  timestamp = {Sat, 21 Aug 2021 13:54:13 +0200},
  biburl    = {https://dblp.org/rec/conf/mldm/HwangG19.bib},
  bibsource = {dblp computer science bibliography, https://dblp.org}
}

@inproceedings{mueen2016awarp,
  title={Awarp: fast warping distance for sparse time series},
  author={Mueen, Abdullah and Chavoshi, Nikan and Abu-El-Rub, Noor and Hamooni, Hossein and Minnich, Amanda},
  booktitle={ICDM'16},
  pages={350--359},
  year={2016},
  organization={IEEE}
}

@article{DBLP:journals/siamdm/BulteauFN20,
  author    = {Laurent Bulteau and
               Vincent Froese and
               Rolf Niedermeier},
  title     = {Tight Hardness Results for Consensus Problems on Circular Strings
               and Time Series},
  journal   = {{SIAM} J. Discret. Math.},
  volume    = {34},
  number    = {3},
  pages     = {1854--1883},
  year      = {2020},
  doi       = {10.1137/19M1255781},
  timestamp = {Sun, 25 Jul 2021 11:40:05 +0200},
  biburl    = {https://dblp.org/rec/journals/siamdm/BulteauFN20.bib},
  bibsource = {dblp computer science bibliography, https://dblp.org}
}

@inproceedings{DBLP:conf/isaac/SakaiI20,
  author    = {Yoshifumi Sakai and
               Shunsuke Inenaga},
  title     = {A Reduction of the Dynamic Time Warping Distance to the Longest Increasing
               Subsequence Length},
  booktitle = {{ISAAC}'20},
  series    = {LIPIcs},
  volume    = {181},
  pages     = {6:1--6:16},
  year      = {2020},
  doi       = {10.4230/LIPIcs.ISAAC.2020.6},
  timestamp = {Mon, 21 Dec 2020 13:23:22 +0100},
  biburl    = {https://dblp.org/rec/conf/isaac/SakaiI20.bib},
  bibsource = {dblp computer science bibliography, https://dblp.org}
}


@inproceedings{DBLP:conf/spire/NishiNIBT20,
  author    = {Akihiro Nishi and
               Yuto Nakashima and
               Shunsuke Inenaga and
               Hideo Bannai and
               Masayuki Takeda},
  title     = {Towards Efficient Interactive Computation of Dynamic Time Warping
               Distance},
  booktitle = {{SPIRE}'20},
  series    = {LNCS},
  volume    = {12303},
  pages     = {27--41},
  year      = {2020},
  doi       = {10.1007/978-3-030-59212-7\_3},
  timestamp = {Sat, 19 Sep 2020 13:19:47 +0200},
  biburl    = {https://dblp.org/rec/conf/spire/NishiNIBT20.bib},
  bibsource = {dblp computer science bibliography, https://dblp.org}
}

@inproceedings{DBLP:conf/compgeom/BravermanCKWY19,
  author    = {Vladimir Braverman and
               Moses Charikar and
               William Kuszmaul and
               David P. Woodruff and
               Lin F. Yang},
  title     = {The One-Way Communication Complexity of Dynamic Time Warping Distance},
  booktitle = {SoCG'19},
  series    = {LIPIcs},
  volume    = {129},
  pages     = {16:1--16:15},
  year      = {2019},
  doi       = {10.4230/LIPIcs.SoCG.2019.16},
  timestamp = {Wed, 16 Jun 2021 12:03:41 +0200},
  biburl    = {https://dblp.org/rec/conf/compgeom/BravermanCKWY19.bib},
  bibsource = {dblp computer science bibliography, https://dblp.org}
}



@inproceedings{DBLP:conf/icalp/Kuszmaul19,
  author    = {William Kuszmaul},
  title     = {Dynamic Time Warping in Strongly Subquadratic Time: Algorithms for
               the Low-Distance Regime and Approximate Evaluation},
  booktitle = {{ICALP}'19},
  series    = {LIPIcs},
  volume    = {132},
  pages     = {80:1--80:15},
  year      = {2019},
  doi       = {10.4230/LIPIcs.ICALP.2019.80},
  timestamp = {Tue, 11 Feb 2020 15:52:14 +0100},
  biburl    = {https://dblp.org/rec/conf/icalp/Kuszmaul19.bib},
  bibsource = {dblp computer science bibliography, https://dblp.org}
}

@article{https://doi.org/10.48550/arxiv.1904.09690,
  doi = {10.48550/ARXIV.1904.09690},
  
  author = {Kuszmaul, William},
  journal   = {CoRR},
  volume    = {abs/1904.09690},

  eprint    = {1904.09690},
  keywords = {Data Structures and Algorithms (cs.DS), FOS: Computer and information sciences, FOS: Computer and information sciences},
  
  title = {Dynamic Time Warping in Strongly Subquadratic Time: Algorithms for the Low-Distance Regime and Approximate Evaluation},
  
  publisher = {arXiv},
  
  year = {2019},
  
  copyright = {arXiv.org perpetual, non-exclusive license}
}

@INPROCEEDINGS{treedepth,  author={Bansal, Nikhil and Buchbinder, Niv and Madry, Aleksander and Naor, Joseph},  booktitle={FOCS'11},   title={A Polylogarithmic-Competitive Algorithm for the k-Server Problem},   year={2011},  volume={},  number={},  pages={267-276},  doi={10.1109/FOCS.2011.63}}



@InProceedings{RMQ,
author="Fischer, Johannes
and Heun, Volker",
title="Theoretical and Practical Improvements on the {RMQ}-Problem, with Applications to {LCA} and {LCE}",
booktitle="CPM'06",
year="2006",
pages="36--48"
}

@InProceedings{kuszmaul:LIPIcs:2019:10656,
  author =	{William Kuszmaul},
  title =	{{Dynamic Time Warping in Strongly Subquadratic Time: Algorithms for the Low-Distance Regime and Approximate Evaluation}},
  booktitle =	{ICALP'19},
  pages =	{80:1--80:15},
  series =	{LIPIcs},
  ISBN =	{978-3-95977-109-2},
  ISSN =	{1868-8969},
  year =	{2019},
  volume =	{132},
  URN =		{urn:nbn:de:0030-drops-106568},
  doi =		{10.4230/LIPIcs.ICALP.2019.80},
  annote =	{Keywords: dynamic time warping, edit distance, approximation algorithm, tree metrics}
}

@article{huang_homopolish_2021,
	title = {Homopolish: a method for the removal of systematic errors in nanopore sequencing by homologous polishing},
	volume = {22},
	issn = {1474-760X},
	year = {2021},
	doi = {10.1186/s13059-021-02282-6},
	shorttitle = {Homopolish},
	pages = {95},
	number = {1},
	journaltitle = {Genome Biology},
	shortjournal = {Genome Biology},
	author = {Huang, Yao-Ting and Liu, Po-Yu and Shih, Pei-Wen},
	urldate = {2021-08-23},
	date = {2021-03-31},
	journal = {Genome Biology},
	keywords = {Genome polishing, Nanopore sequencing},
}

# strutural variants
@article{mahmoud2019structural,
  title={Structural variant calling: the long and the short of it},
  author={Mahmoud, Medhat and Gobet, Nastassia and Cruz-D{\'a}valos, Diana Ivette and Mounier, Ninon and Dessimoz, Christophe and Sedlazeck, Fritz J},
  journal={Genome biology},
  volume={20},
  number={1},
  pages={1--14},
  year={2019},
  publisher={Springer}
}

# transcriptomes and alternative splicing 
@incollection{gonzalez2016introduction,
  title={Introduction to isoform sequencing using pacific biosciences technology (Iso-Seq)},
  author={Gonzalez-Garay, Manuel L},
  booktitle={Transcriptomics and gene regulation},
  pages={141--160},
  year={2016},
  publisher={Springer}
}

# review long reads tools and opportunities
@article{amarasinghe2020opportunities,
  title={Opportunities and challenges in long-read sequencing data analysis},
  author={Amarasinghe, Shanika L and Su, Shian and Dong, Xueyi and Zappia, Luke and Ritchie, Matthew E and Gouil, Quentin},
  journal={Genome biology},
  volume={21},
  number={1},
  pages={1--16},
  year={2020},
  publisher={BioMed Central}
}

@article{DBLP:journals/algorithmica/ChanHMZ17,
  author    = {Timothy M. Chan and
               Meng He and
               J. Ian Munro and
               Gelin Zhou},
  title     = {Succinct Indices for Path Minimum, with Applications},
  journal   = {Algorithmica},
  volume    = {78},
  number    = {2},
  pages     = {453--491},
  year      = {2017},
  doi       = {10.1007/s00453-016-0170-7},
}


@inproceedings{embedding,
author = {Fakcharoenphol, Jittat and Rao, Satish and Talwar, Kunal},
title = {A Tight Bound on Approximating Arbitrary Metrics by Tree Metrics},
year = {2003},
isbn = {1581136749},
doi = {10.1145/780542.780608},
booktitle = {STOC'03},
pages = {448--455},
numpages = {8}
}


@article{10.1093/molbev/msp063,
    author = {Chen, Jian-Qun and Wu, Ying and Yang, Haiwang and Bergelson, Joy and Kreitman, Martin and Tian, Dacheng},
    title = "{Variation in the Ratio of Nucleotide Substitution and Indel Rates across Genomes in Mammals and Bacteria}",
    journal = {Molecular Biology and Evolution},
    volume = {26},
    number = {7},
    pages = {1523-1531},
    year = {2009},
    month = {03},
    issn = {0737-4038},
    doi = {10.1093/molbev/msp063}
}



