% Encoding: UTF-8

@article{DBLP:journals/algorithmica/GolanKP19,
  author    = {Shay Golan and
               Tsvi Kopelowitz and
               Ely Porat},
  title     = {Streaming Pattern Matching with $d$ Wildcards},
  journal   = {Algorithmica},
  volume    = {81},
  number    = {5},
  pages     = {1988--2015},
  year      = {2019},
  doi       = {10.1007/s00453-018-0521-7},
}

@article{DBLP:journals/corr/abs-2106-06037,
  author    = {Tomasz Kociumaka and
               Ely Porat and
               Tatiana Starikovskaya},
  title     = {Small space and streaming pattern matching with $k$ edits},
  journal   = {CoRR},
  volume    = {abs/2106.06037},
  year      = {2021},
  note      = {To appear in \em{2021 IEEE Symposium on Foundations of Computer Science (FOCS)}},
}

@inproceedings{clifford2018streaming,
  author    = {Rapha{\"{e}}l Clifford and
               Tomasz Kociumaka and
               Ely Porat},
  title     = {The streaming k-mismatch problem},
  booktitle = {2019 ACM-SIAM Symposium on Discrete Algorithms (SODA)},
  pages     = {1106--1125},
  year      = {2019},
  doi       = {10.1137/1.9781611975482.68},
}

@inproceedings{DBLP:conf/soda/CliffordFPSS16,
  author    = {Rapha\"{e}l Clifford and
               Allyx Fontaine and
               Ely Porat and
               Benjamin Sach and
               Tatiana Starikovskaya},
  title     = {The \emph{k}-mismatch problem revisited},
  doi   = {10.1137/1.9781611974331.ch142},
  booktitle = {2016 ACM-SIAM Symposium on Discrete Algorithms (SODA)},
  pages     = {2039--2052},
  year      = {2016}
}

@InProceedings{clifford_et_al:LIPIcs:2016:6299,
  author =	{R. Clifford and T. Starikovskaya},
  title =	{Approximate {H}amming distance in a stream},
  booktitle =	{2016, International Colloquium on Automata, Languages, and Programming (ICALP)},
  series    = {LIPIcs},
  pages =	{20:1--20:14},
  year =	{2016},
  doi= {10.4230/LIPIcs.ICALP.2016.20},
  volume =	{55}
}


@inproceedings{DBLP:conf/esa/GolanP17,
  author    = {Shay Golan and
               Ely Porat},
  title     = {Real-time streaming multi-pattern search for constant alphabet},
  booktitle = {2017 European Symposium on Algorithms (ESA)},
  series    = {LIPIcs},
  volume    = {107},
  doi       = {10.4230/LIPIcs.ESA.2017.41},
  pages     = {41:1--41:15},
  year      = {2017}
}

@inproceedings{DBLP:conf/esa/CliffordFPSS15,
  author    = {Rapha\"{e}l Clifford and
               Allyx Fontaine and
               Ely Porat and
               Benjamin Sach and
               Tatiana Starikovskaya},
  title     = {Dictionary matching in a stream},
  booktitle = {2015 European Symposium on Algorithms (ESA)},
  series    = {LNCS},
  volume    = {9294},
  pages     = {361--372},
  doi       = {10.1007/978-3-662-48350-3\_31},
  year      = {2015}
}

@inproceedings{DBLP:conf/icalp/GolanKP18,
  author    = {Shay Golan and
               Tsvi Kopelowitz and
               Ely Porat},
  title     = {Towards optimal approximate streaming pattern matching by matching
               multiple patterns in multiple streams},
  booktitle = {2018 International Colloquium on Automata, Languages, and Programming (ICALP)},
  series    = {LIPIcs},
  volume    = {107},
  doi       = {10.4230/LIPIcs.ICALP.2018.65},
  pages     = {65:1--65:16},
  year      = {2018}
}

@InProceedings{Ergun:10,
  author    = {Funda Erg{\"{u}}n and Hossein Jowhari and Mert Sa{\u{g}}lam},
  title     = {Periodicity in streams},
  booktitle = {2010 International Conference on Approximation Algorithms for Combinatorial Optimization (APPROX)},
  pages     = {545--559},
  doi       = {10.1007/978-3-642-15369-3\_41},
  year      = {2010}
}



@inproceedings{stream-periodicity-mismatches,
  author    = {Funda Erg{\"{u}}n and
               Elena Grigorescu and
               Erfan Sadeqi Azer and
               Samson Zhou},
  title     = {Streaming periodicity with mismatches},
  booktitle = {2017 International Conference on Approximation Algorithms for Combinatorial Optimization (APPROX)},
  pages     = {42:1--42:21},
  year      = {2017},
  doi       = {10.4230/LIPIcs.APPROX-RANDOM.2017.42},
}

@inproceedings{stream-periodicity-wildcards,
  author    = {Funda Erg{\"{u}}n and
               Elena Grigorescu and
               Erfan Sadeqi Azer and
               Samson Zhou},
  title     = {Periodicity in data streams with wildcards},
  booktitle = {2018 International Computer Science Symposium in Russia (CSR)},
  pages     = {90--105},
  year      = {2018},
  doi       = {10.1007/978-3-319-90530-3_9}
}

@inproceedings{DBLP:conf/cpm/GawrychowskiRS19,
  author    = {Pawe\l{} Gawrychowski and
               Jakub Radoszewski and
               Tatiana Starikovskaya},
  title     = {Quasi-periodicity in streams},
  booktitle = {2019 Symposium on Combinatorial Pattern Matching (CPM)},
  series    = {LIPIcs},
  volume    = {128},
  pages     = {22:1--22:14},
  year      = {2019},
  doi =		{10.4230/LIPIcs.CPM.2019.22},
}


@article{DBLP:journals/algorithmica/GawrychowskiMSU19,
  author    = {Pawe\l{} Gawrychowski and
               Oleg Merkurev and
               Arseny M. Shur and
               Przemys\l{}aw Uzna\'{n}ski},
  title     = {Tight tradeoffs for real-time approximation of longest palindromes
               in streams},
  journal   = {Algorithmica},
  volume    = {81},
  number    = {9},
  pages     = {3630--3654},
  doi       = {10.1007/s00453-019-00591-8},
  year      = {2019}
}

@inproceedings{DBLP:conf/cpm/MerkurevS19,
  author    = {Oleg Merkurev and
               Arseny M. Shur},
  title     = {Searching long repeats in streams},
  booktitle = {2019 Symposium on Combinatorial Pattern Matching (CPM)},
  series    = {LIPIcs},
  volume    = {128},
  pages     = {31:1--31:14},
  year      = {2019},
  doi       = {10.4230/LIPIcs.CPM.2019.31}
}

@inproceedings{DBLP:conf/spire/MerkurevS19,
  author    = {Oleg Merkurev and
               Arseny M. Shur},
  title     = {Searching runs in streams},
  booktitle = {2019 Symposium on String Processing and Information Retrieval (SPIRE)},
  series    = {LNCS},
  volume    = {11811},
  pages     = {203--220},
  year      = {2019},
  doi       = {10.1007/978-3-030-32686-9\_15},
}

@article{DBLP:journals/siamcomp/MagniezMN14,
  author    = {Fr\'{e}d\'{e}ric Magniez and
               Claire Mathieu and
               Ashwin Nayak},
  title     = {Recognizing well-parenthesized expressions in the streaming model},
  journal   = {{SIAM} Journal on Computing},
  volume    = {43},
  number    = {6},
  doi       = {10.1137/130926122},
  pages     = {1880--1905},
  year      = {2014}
}

@InProceedings{ganardi_et_al:LIPIcs:2018:9131,
  author =	{Moses Ganardi and Danny Hucke and Markus Lohrey},
  title =	{Randomized sliding window algorithms for regular languages},
  booktitle =	{2018 International Colloquium on Automata, Languages, and Programming (ICALP)},
  pages =	{127:1--127:13},
  series =	{LIPIcs},
  doi =		{10.4230/LIPIcs.ICALP.2018.127},
  year =	{2018},
  volume =	{107}
}

@inproceedings{DBLP:conf/lata/GanardiHL18,
  author    = {Moses Ganardi and
               Danny Hucke and
               Markus Lohrey},
  title     = {Sliding window algorithms for regular languages},
  booktitle = {2018 International Conference on Language and Automata Theory and Applications (LATA)},
  volume    = {10792},
  pages     = {26--35},
  doi       = {10.1007/978-3-319-77313-1\_2},
  year      = {2018}
}

@InProceedings{ganardi_et_al:LIPIcs:2018:8485,
  author =	{Moses Ganardi and Danny Hucke and Daniel K{\"o}nig and Markus Lohrey and Konstantinos Mamouras},
  title =	{Automata theory on sliding windows},
  booktitle =	{2018 Symposium on Theoretical Aspects of Computer Science (STACS)},
  pages =	{31:1--31:14},
  series =	{LIPIcs},
  doi       = {10.4230/LIPIcs.STACS.2018.31},
  year =	{2018},
  volume =	{96}
}

@InProceedings{ganardi_et_al:LIPIcs:2016:6853,
  author =	{Moses Ganardi and Danny Hucke and Markus Lohrey},
  title =	{Querying regular languages over sliding windows},
  booktitle =	{2016 Foundations of Software Technology and Theoretical Computer Science (FSTTCS)},
  pages =	{18:1--18:14},
  series =	{LIPIcs},
  doi       = {10.4230/LIPIcs.FSTTCS.2016.18},
  year =	{2016},
  volume =	{65}
}

@inproceedings{DBLP:conf/stacs/Ganardi19,
  author    = {M. Ganardi},
  title     = {Visibly pushdown languages over sliding windows},
  booktitle = {2019 Symposium on Theoretical Aspects of Computer Science (STACS)},
  series    = {LIPIcs},
  volume    = {126},
  pages     = {29:1--29:17},
  doi       = {10.4230/LIPIcs.ESA.2016.43},
  year = {2019}
}


@inproceedings{DBLP:conf/mfcs/GanardiJL18,
  author    = {Moses Ganardi and
               Artur Je\.{z} and
               Markus Lohrey},
  title     = {Sliding windows over context-free languages},
  booktitle = {2018 International Symposium on Mathematical Foundations of Computer Science (MFCS)},
  series    = {LIPIcs},
  volume    = {117},
  pages     = {15:1--15:15},
  doi       = {10.4230/LIPIcs.MFCS.2018.15},
  year      = {2018}
}

@article{DBLP:journals/tcs/BabuLRV13,
  author    = {Ajesh Babu and
               Nutan Limaye and
               Jaikumar Radhakrishnan and
               Girish Varma},
  title     = {Streaming algorithms for language recognition problems},
  journal   = {Theoretical Computer Science},
  volume    = {494},
  pages     = {13--23},
  year      = {2013},
  doi       = {10.1016/j.tcs.2012.12.028},
}

@InProceedings{franois_et_al:LIPIcs:2016:6355,
  author =	{N. Fran{\c{c}}ois and F. Magniez and M. de Rougemont and O. Serre},
  title =	{Streaming property testing of visibly pushdown languages},
  booktitle =	{2016 European Symposium on Algorithms (ESA)},
  pages =	{43:1--43:17},
  series =	{LIPIcs},
  year =	{2016},
  volume =	{57},
  doi       = {10.4230/LIPIcs.ESA.2016.43},
}

@InProceedings{ganardi_et_al:LIPIcs:2019:11502,
  author =	{Moses Ganardi and Danny Hucke and Markus Lohrey and Tatiana Starikovskaya},
  title =	{Sliding window property testing for regular languages},
  booktitle =	{2019 International Symposium on Algorithms and Computation (ISAAC)},
  pages =	{6:1--6:13},
  series =	{LIPIcs},
  doi       = {10.4230/LIPIcs.ISAAC.2019.6},
  year =	{2019},
  volume =	{149}
}

@inproceedings{Porat:09,
  author    = {Benny Porat and
               Ely Porat},
  title     = {Exact and approximate pattern matching in the streaming model},
  booktitle = {2009 Symposium on Foundations of Computer Science (FOCS)},
  pages     = {315--323},
  year      = {2009},
  doi       = {10.1109/FOCS.2009.11},
}

@article{DBLP:journals/talg/BreslauerG14,
  author    = {Dany Breslauer and
               Zvi Galil},
  title     = {Real-time streaming string-matching},
  journal   = {{ACM} Transaction on Algorithms},
  volume    = {10},
  number    = {4},
  pages     = {22:1--22:12},
  year      = {2014},
  doi       = {10.1145/2635814},
}


@article{DBLP:journals/iandc/RadoszewskiS20,
  author    = {Jakub Radoszewski and
               Tatiana Starikovskaya},
  title     = {Streaming \emph{k}-mismatch with error correcting and applications},
  journal   = {Journal of Information and Computation},
  volume    = {271},
  pages     = {104513},
  year      = {2020},
  doi       = {10.1016/j.ic.2019.104513},
}

@InProceedings{starikovskaya:LIPIcs:2017:7320,
  author =	{Tatiana Starikovskaya},
  title =	{Communication and streaming complexity of approximate pattern matching},
  booktitle =	{2017 Symposium on Combinatorial Pattern Matching (CPM)},
  pages =	{13:1--13:11},
  series =	{LIPIcs},
  year =	{2017},
  doi       = {10.4230/LIPIcs.CPM.2017.13},
  volume =	{78},
}

@InProceedings{gawrychowski_et_al:LIPIcs:2019:10492,
  author =	{Pawe\l{} Gawrychowski and Tatiana Starikovskaya},
  title =	{Streaming dictionary matching with mismatches},
  booktitle =	{2019 Symposium on Combinatorial Pattern Matching (CPM)},
  pages =	{21:1--21:15},
  series =	{LIPIcs},
  year =	{2019},
  volume =	{128},
  doi =		{10.4230/LIPIcs.CPM.2019.21},
}


@InProceedings{bathie_et_al:LIPIcs.ICALP.2021.119,
  author =	{Bathie, Gabriel and Starikovskaya, Tatiana},
  title =	{{Property testing of regular languages with applications to streaming property testing of visibly pushdown languages}},
  booktitle =	{2021 International Colloquium on Automata, Languages, and Programming (ICALP)},
  pages =	{119:1--119:17},
  series =	{Leibniz International Proceedings in Informatics (LIPIcs)},
  year =	{2021},
  volume =	{198},
  doi =		{10.4230/LIPIcs.ICALP.2021.119},
  }

@InProceedings{schepper:LIPIcs:2020:12946,
  author =	{Philipp Schepper},
  title =	{{Fine-grained complexity of regular expression pattern matching and membership}},
  booktitle =	{2020 European Symposium on Algorithms (ESA)},
  pages =	{80:1--80:20},
  series =	{Leibniz International Proceedings in Informatics (LIPIcs)},
  year =	{2020},
  volume =	{173},
  doi =		{10.4230/LIPIcs.ESA.2020.80},
}

@inproceedings{DBLP:conf/icalp/AbboudB18,
  author    = {Amir Abboud and
               Karl Bringmann},
  title     = {Tighter connections between formula-{SAT} and shaving logs},
  booktitle = {2018 International Colloquium on Automata, Languages, and Programming (ICALP)},
  series    = {LIPIcs},
  volume    = {107},
  pages     = {8:1--8:18},
  publisher = {Schloss Dagstuhl - Leibniz-Zentrum f{\"{u}}r Informatik},
  year      = {2018},
  doi       = {10.4230/LIPIcs.ICALP.2018.8},
}

@INPROCEEDINGS{7354389, 
author={Karl Bringmann and Marvin Künnemann},  
booktitle={2015 IEEE Symposium on Foundations of Computer Science (FOCS)},   
title={Quadratic conditional lower bounds for string problems and dynamic time warping},   
year={2015},  
volume={},  
number={},  
pages={79-97},  
doi={10.1109/FOCS.2015.15}
}

@article{WILLIAMS2005357,
author = {Ryan Williams},
title = {A new algorithm for optimal 2-constraint satisfaction and its implications},
journal = {Theoretical Computer Science},
volume = {348},
number = {2},
pages = {357-365},
year = {2005},
doi = {10.1016/j.tcs.2005.09.023},
}

@article{IMPAGLIAZZO2001367,
author = {Russell Impagliazzo and Ramamohan Paturi},
title = {On the complexity of k-{SAT}},
journal = {Journal of Computer and System Sciences},
volume = {62},
number = {2},
pages = {367-375},
year = {2001},
issn = {0022-0000},
doi = {https://doi.org/10.1006/jcss.2000.1727},
}


@misc{wordbreak2,
    author    = "LeetCode",
    title     = "Problem 139. {W}ord break",
    howpublished       = "\url{https://leetcode.com/problems/word-break/}"
}

@misc{wordbreak1,
    author    = "Daniel Tunkelang",
    title     = "Retiring a great interview problem",
    howpublished       = "\url{https://thenoisychannel.com/2011/08/08/retiring-a-great-interview-problem/}",
    year = "2011"
}

@article{CLIFFORD200753,
author = {Peter Clifford and Raphaël Clifford},
title = {Simple deterministic wildcard matching},
journal = {Information Processing Letters},
volume = {101},
number = {2},
pages = {53-54},
year = {2007},
issn = {0020-0190},
doi = {https://doi.org/10.1016/j.ipl.2006.08.002},
}

@inproceedings{10.5555/795664.796430,
author = {Piotr Indyk},
title = {Faster algorithms for string matching problems: matching the convolution bound},
year = {1998},
isbn = {0818691727},
booktitle = {1998 IEE Symposium on Foundations of Computer Science (FOCS)},
pages = {166},
doi = {10.1109/SFCS.1998.743440},
}

@inproceedings{10.1145/509907.509992,
author = {Richard Cole and Ramesh Hariharan},
title = {Verifying candidate matches in sparse and wildcard matching},
year = {2002},
isbn = {1581134959},
doi = {10.1145/509907.509992},
booktitle = {2002 ACM Symposium on Theory of Computing (STOC)},
pages = {592–601},
numpages = {10},
}


@inproceedings{10.5555/545381.545468,
author = {Adam Kalai},
title = {Efficient pattern-matching with don't cares},
booktitle = {2002 ACM-SIAM Symposium on Discrete Algorithms (SODA)},
year = {2002},
isbn = {089871513X},
pages = {655–656},
numpages = {2},
} %No available DOI

@techreport{10.5555/889566,
author = {Michael J. Fischer and Michael S. Paterson},
title = {String-matching and other products},
year = {1974},
institution = {Massachusetts Institute of Technology},
address = {USA}
}


@article{10.1145/360825.360855,
author = {Alfred V. Aho and Margaret J. Corasick},
title = {Efficient string matching: an aid to bibliographic search},
year = {1975},
journal = {Communications of the ACM},
volume = {18},
number = {6},
issn = {0001-0782},
doi = {10.1145/360825.360855},
pages = {333–340},
numpages = {8},
}

@INPROCEEDINGS{8104068,
  author={Karl Bringmann and Allan Grønlund and  Kasper Green Larsen},
  booktitle={2017 IEEE Symposium on Foundations of Computer Science (FOCS)}, 
  title={A dichotomy for regular expression membership testing}, 
  year={2017},
  volume={},
  number={},
  pages={307-318},
  doi={10.1109/FOCS.2017.36}
  }

@inproceedings{DBLP:conf/focs/BackursI16,
  author    = {Arturs Backurs and
               Piotr Indyk},
  title     = {Which Regular Expression Patterns Are Hard to Match?},
  booktitle = {2016 IEEE Symposium on Foundations of Computer Science (FOCS)},
  pages     = {457--466},
  publisher = {{IEEE} Computer Society},
  year      = {2016},
  doi       = {10.1109/FOCS.2016.56},
}

@inproceedings{doi:10.1137/1.9781611973075.104,
author = {Philip Bille and Mikkel Thorup},
title = {Regular expression matching with multi-strings and intervals},
booktitle = {2010 ACM-SIAM Symposium on Discrete Algorithms (SODA)},
year = {2010},
pages = {1297-1308},
doi = {10.1137/1.9781611973075.104},
}

@InProceedings{10.1007/978-3-642-02927-1_16,
author="Philip Bille and Mikkel Thorup",
title="Faster regular expression matching",
booktitle="2009 International Colloquium on Automata, Languages, and Programming (ICALP)",
year="2009",
publisher="Springer Berlin Heidelberg",
pages="171--182",
doi = {10.1007/978-3-642-02927-1\_16},
}

@article{BILLE2008486,
author = {Philip Bille and Martin Farach-Colton},
title = {Fast and compact regular expression matching},
journal = {Theoretical Computer Science},
volume = {409},
number = {3},
pages = {486-496},
year = {2008},
issn = {0304-3975},
doi = {10.1016/j.tcs.2008.08.042},
}

@InProceedings{10.1007/11786986_56,
author="Philip Bille",
title="New algorithms for regular expression matching",
booktitle="2006 International Colloquium on Automata, Languages, and Programming (ICALP)",
  series    = {Lecture Notes in Computer Science},
  volume    = {4051},
  pages     = {643--654},
  publisher = {Springer},
  year      = {2006},
  doi       = {10.1007/11786986\_56},
}



@article{10.1145/128749.128755,
author = {Eugene W. Myers},
title = {A four {R}ussians algorithm for regular expression pattern matching},
year = {1992},
publisher = {Association for Computing Machinery},
volume = {39},
number = {2},
issn = {0004-5411},
doi = {10.1145/128749.128755},
journal = {Journal of the ACM},
month = apr,
pages = {432–448},
numpages = {17},
}


@InProceedings{10.1007/978-3-642-82456-2_1,
author="Zvi Galil",
title="Open problems in stringology",
booktitle="Combinatorial Algorithms on Words",
year="1985",
publisher="Springer Berlin Heidelberg",
address="Berlin, Heidelberg",
pages="1--8",
isbn="978-3-642-82456-2"
}
%No DOI available


@article{10.1145/363347.363387,
author = {Ken Thompson},
title = {Programming techniques: regular expression search algorithm},
year = {1968},
journal = {Communication of ACM},
volume = {11},
number = {6},
issn = {0001-0782},
doi = {10.1145/363347.363387},
pages = {419–422},
numpages = {4},
}

@book{RM-704,
author="Stephen C. Kleene",
title="Representation of events in nerve nets and finite automata",
address="Santa Monica, CA",
year="1951",
publisher="RAND Corporation"
}
%No DOI available

@ARTICLE{1000341,  
author={Minos N. Garofalakis and Rajeev Rastogi and Kyuseok Shim},  
journal={IEEE Transactions on Knowledge and Data Engineering (TKDE)},   
title={Mining sequential patterns with regular expression constraints},
year={2002},  
volume={14},  
number={3},  
pages={530-552},  
doi={10.1109/TKDE.2002.1000341}
}


@inproceedings{10.1145/2207676.2208694,
author = {Kenrick Kin and Bj{\"{o}}rn Hartmann and Tony DeRose and Maneesh Agrawala},
title = {Proton: multitouch gestures as regular expressions},
year = {2012},
isbn = {9781450310154},
doi       = {10.1145/2207676.2208694},
booktitle = {2012 Conference on Human Factors in Computing Systems (CHI)},
pages = {2885–2894},
numpages = {10}
}


@inproceedings{10.1145/1159913.1159952,
author = {Sailesh Kumar and Sarang Dharmapurikar and Fang Yu and Patrick Crowley and Jonathan S. Turner},
title = {Algorithms to accelerate multiple regular expressions matching for deep packet inspection},
year = {2006},
isbn = {1595933085},
doi = {10.1145/1159913.1159952},
booktitle = {2006 Conference on Applications, Technologies, Architectures, and Protocols for Computer Communications (SIGCOMM)},
pages = {339–350},
numpages = {12},
}


@INPROCEEDINGS{4221791,  
author={Theodore Johnson and Shan Muthu Muthukrishnan and Irina Rozenbaum},
booktitle={2007 IEEE International Conference on Data Engineering (ICDE)},
title={Monitoring regular zxpressions on out-of-order streams},  
year={2007},  
volume={},  
number={},  
pages={1315-1319},  
doi={10.1109/ICDE.2007.369001}
}

@INPROCEEDINGS{4579527,  
author={Fang Yu and Zhifeng Chen and Yanlei Diao and T. V. Lakshman and Randy H. Katz},  
booktitle={2006 Symposium on Architecture For Networking And Communications Systems},   
title={Fast and memory-efficient regular expression matching for deep packet inspection},   
year={2006},  
volume={},  
number={},  
pages={93-102},  
doi={10.1145/1185347.1185360}
}

@inproceedings{10.1145/369133.369220,
author = {Gonzalo Navarro and Mathieu Raffinot},
title = {Fast and simple character classes and bounded gaps pattern matching, with application to protein searching},
year = {2001},
isbn = {1581133537},
doi = {10.1145/369133.369220},
booktitle = {2001 International Conference on Computational Biology (RECOMB)},
pages = {231–240},
numpages = {10},
}


@inproceedings{10.5555/645927.672035,
author = {Quanzhong Li and Bongki Moon},
title = {Indexing and querying {XML} data for regular path expressions},
year = {2001},
isbn = {1558608044},
booktitle = {2001 International Conference on Very Large Data Bases (VLDB)},
pages = {361–370},
numpages = {10},
}

@inproceedings{10.1145/375551.375569,
author = {Makoto Murata},
title = {Extended path expressions of {XML}},
year = {2001},
isbn = {1581133618},
doi = {10.1145/375551.375569},
booktitle = {2001 ACM SIGMOD-SIGACT-SIGART Symposium on Principles of Database Systems (PODS)},
pages = {126–137},
numpages = {12},
}



@Article{fw:65,
  author =   {Nathan J. Fine and Herbert S. Wilf},
  title =    {Uniqueness Theorems for Periodic Functions},
  journal =    {Proceedings of the American Mathematical Society},
  year =   {1965},
  volume =   {16},
  pages =    {109-114}
}
%No availaible DOI

@ARTICLE{AKS,
  author = {Manindra Agrawal and Neeraj Kayal and Nitin Saxena},
  title = {Primes is in P},
  journal = {Annals of Mathematics},
  volume = {160},
  year = {2004},
  number = {2},
  pages = {781--793},
  issn = {0003-486X},
  doi = {10.4007/annals.2004.160.781},
  }

@book{Bombieri,
     author = {Enrico Bombieri},
     title = {Le grand crible dans la th\'eorie analytique des nombres},
     series = {Ast\'erisque},
     publisher = {Soci\'et\'e math\'ematique de France},
     number = {18},
     year = {1974},
     zbl = {0618.10042},
     mrnumber = {891718},
     language = {fr},
}

@article{pollard1974,
title={Theorems on factorization and primality testing},
volume={76},
DOI={10.1017/S0305004100049252},
number={3},
journal={Mathematical Proceedings of the Cambridge Philosophical Society},
publisher={Cambridge University Press},
author={John M. Pollard},
year={1974},
pages={521–528}
}

@article{Strassen1976,
author = {Volker Strassen},
journal = {Jahresbericht der Deutschen Mathematiker-Vereinigung},
language = {ger},
pages = {1-8},
title = {Einige resultate über berechnungskomplexität},
volume = {78},
year = {1976/77},
}
%No DOI aivailable

@InProceedings{10.1007/3-540-60044-2_36,
title     = {Constant-Space String Matching with Smaller Number of Comparisons: Sequential Sampling},
author="Leszek Gasieniec and Wojciech Plandowski and Wojciech Rytter",
booktitle="1995 Symposium on Combinatorial Pattern Matching (CPM)",
doi = {10.1007/3-540-60044-2\_36},
year="1995",
pages="78--89"
}

@article{BRESLAUER20132,
title = "Simple real-time constant-space string matching",
journal = "Theoretical Computer Science",
volume = "483",
pages = "2 - 9",
year = "2013",
author = "Dany Breslauer and Roberto Grossi and Filippo Mignosi",
doi = {10.1016/j.tcs.2012.11.040},
}

@article{GALIL1981331,
title = "Linear-time string-matching using only a fixed number of local storage locations",
author    = {Zvi Galil and Joel I. Seiferas},
journal = "Theoretical Computer Science",
volume = "13",
number = "3",
pages = "331 - 336",
year = "1981",
issn = "0304-3975",
doi = {10.1016/S0304-3975(81)80006-0},
}

@article{doi:10.1137/0209032,
author = {Zvi Galil and Joel Seiferas},
title = {Saving space in fast string-matching},
journal = {SIAM Journal on Computing},
volume = {9},
number = {2},
pages = {417-438},
year = {1980},
doi = {10.1137/0209032}
}

@article{10.1145/322234.322244,
author = {Zvi Galil},
title = {String matching in real time},
year = {1981},
volume = {28},
number = {1},
issn = {0004-5411},
doi = {10.1145/322234.322244},
journal = {Journal of ACM},
pages = {134–149},
numpages = {16}
}

%TODO
@article{BRESLAUER1996177,
title = "Saving comparisons in the Crochemore-Perrin string-matching algorithm",
journal = "Theoretical Computer Science",
volume = "158",
number = "1",
pages = "177 - 192",
year = "1996",
issn = "0304-3975",
doi = {10.1016/0304-3975(95)00068-2},
author = "Dany Breslauer"
}

@article{RYTTER2003763,
title = "On maximal suffixes and constant-space linear-time versions of {KMP} algorithm",
journal = "Theoretical Computer Science",
volume = "299",
number = "1",
pages = "763 - 774",
year = "2003",
issn = "0304-3975",
doi = "10.1016/S0304-3975(02)00590-X",
author = "Wojciech Rytter"
}

@inproceedings{DBLP:conf/cpm/GasieniecPR95,
  author    = {Leszek Gasieniec and
               Wojciech Plandowski and
               Wojciech Rytter},
  title     = {Constant-Space String Matching with Smaller Number of Comparisons:
               Sequential Sampling},
  booktitle = {1995 Symposium on Combinatorial Pattern Matching (CPM)},
  pages     = {78--89},
  year      = {1995},
  doi       = {10.1007/3-540-60044-2\_36},
}

@article{DBLP:journals/tcs/GasieniecPR95,
  author    = {Leszek Gasieniec and
               Wojciech Plandowski and
               Wojciech Rytter},
  title     = {The zooming method: a recursive approach to time-space efficient
               string-matching},
  journal   = {Theoretical Computer Science},
  volume    = {147},
  number    = {1{\&}2},
  pages     = {19--30},
  year      = {1995},
  doi       = {10.1016/0304-3975(94)00249-I},
}

@article{DBLP:journals/tcs/Crochemore92,
  author    = {Maxime Crochemore},
  title     = {String-matching on ordered alphabets},
  journal   = {Theoretical Computer Science},
  volume    = {92},
  number    = {1},
  pages     = {33--47},
  year      = {1992},
  doi       = {10.1016/0304-3975(92)90134-2}
}


@article{Crochemore:1991:TS:116825.116845,
 author = {Maxime Crochemore and Dominique Perrin},
 title = {Two-way string-matching},
 journal = {Journal of ACM},
 volume = {38},
 number = {3},
 month = jul,
 year = {1991},
 issn = {0004-5411},
 pages = {650--674},
 numpages = {25},
 doi = {10.1145/116825.116845}
} 

@article{GALIL1983280,
title = "Time-space-optimal string matching",
journal = "Journal of Computer and System Sciences",
volume = "26",
number = "3",
pages = "280 - 294",
year = "1983",
issn = "0022-0000",
doi = "10.1016/0022-0000(83)90002-8",
author = "Zvi Galil and Joel Seiferas",
}


@book{Cormen,
author = {Cormen, Thomas H. and Leiserson, Charles E. and Rivest, Ronald L. and Stein, Clifford},
title = {Introduction to Algorithms, Third Edition},
year = {2009},
isbn = {0262033844},
publisher = {The MIT Press},
edition = {3rd},
}


@article{pattern_match_BG14,
  author    = {Dany Breslauer and
               Zvi Galil},
  title     = {Real-time streaming string-matching},
  journal   = {{ACM} Transaction on Algorithms},
  volume    = {10},
  number    = {4},
  pages     = {22:1--22:12},
  year      = {2014},
  doi       = {10.1145/2635814},
}

@inproceedings{DBLP:conf/cpm/GolanKKP20,
  author    = {Shay Golan and
               Tomasz Kociumaka and
               Tsvi Kopelowitz and
               Ely Porat},
  title     = {The streaming k-mismatch problem: tradeoffs between space and total time},
  booktitle = {2020 Symposium on Combinatorial Pattern Matching (CPM)},
  series    = {LIPIcs},
  volume    = {161},
  pages     = {15:1--15:15},
  year      = {2020},
  doi       = {10.4230/LIPIcs.CPM.2020.15},
}

@article{RosserS62,
author = {John Barkley Rosser and Lowell Schoenfeld},
title = {{Approximate formulas for some functions of prime numbers}},
volume = {6},
journal = {Illinois Journal of Mathematics},
number = {1},
publisher = {Duke University Press},
pages = {64 -- 94},
year = {1962},
doi = {10.1215/ijm/1255631807},
}

@article{Thompson_automaton,
author = {Ken Thompson},
title = {Programming techniques: regular expression search algorithm},
year = {1968},
volume = {11},
number = {6},
doi = {10.1145/363347.363387},
journal = {Communication of ACM},
pages = {419–422}
}


@inproceedings{Bringmann17,
  author    = {Karl Bringmann},
  title     = {A near-linear pseudopolynomial time algorithm for subset sum},
  booktitle = {2017 ACM-SIAM Symposium on Discrete Algorithms (SODA)},
  pages     = {1073--1084},
  publisher = {{SIAM}},
  year      = {2017},
  doi       = {10.1137/1.9781611974782.69},
}



@inproceedings{LokshtanovN10,
  author    = {Daniel Lokshtanov and
               Jesper Nederlof},
  title     = {Saving space by algebraization},
  booktitle = {ACM Symposium on Theory of Computing (STOC)},
  pages     = {321--330},
  year      = {2010},
  doi       = {10.1145/1806689.1806735},
}
