@article{FREDERICKSON1993197,
title = {An Optimal Algorithm for Selection in a Min-Heap},
journal = {Information and Computation},
volume = {104},
number = {2},
pages = {197-214},
year = {1993},
issn = {0890-5401},
doi = {https://doi.org/10.1006/inco.1993.1030},
author = {G.N. Frederickson},
abstract = {An O(k)-time algorithm is presented for selecting the kth smallest element in a binary min-heap of size nâª¢k. The approach uses recursively defined data structures that impose a hierarchical grouping on certain elements in the heap. The result establishes a further example of a partial order for which the kth smallest element can be determined in time proportional to the information theory lower bound. Two applications, to a resource allocation problem and to the enumeration of the k smallest spanning trees, are identified.}
}



@article{DBLP:conf/fsttcs/BilleGPRS20,
  author       = {Philip Bille and
                  Inge Li G{\o}rtz and
                  Max Rish{\o}j Pedersen and
                  Eva Rotenberg and
                  Teresa Anna Steiner},
  title        = {String indexing for top-\emph{k} close consecutive occurrences},
  journal      = {Theor. Comput. Sci.},
  volume       = {927},
  pages        = {133--147},
  year         = {2022},
  doi          = {10.1016/j.tcs.2022.06.004},
  timestamp    = {Tue, 21 Mar 2023 21:07:19 +0100},
  biburl       = {https://dblp.org/rec/journals/tcs/BilleGPRS22.bib},
  bibsource    = {dblp computer science bibliography, https://dblp.org}
}

@article{DBLP:journals/corr/abs-2304-00887,
  author       = {Pawel Gawrychowski and
                  Garance Gourdel and
                  Tatiana Starikovskaya and
                  Teresa Anna Steiner},
  title        = {Compressed Indexing for Consecutive Occurrences},
  journal      = {CoRR},
  volume       = {abs/2304.00887},
  year         = {2023},
  doi          = {10.48550/arXiv.2304.00887},
  note = {Accepted to CPM 2023},
  eprinttype    = {arXiv},
  eprint       = {2304.00887},
  timestamp    = {Mon, 17 Apr 2023 15:20:10 +0200},
  biburl       = {https://dblp.org/rec/journals/corr/abs-2304-00887.bib},
  bibsource    = {dblp computer science bibliography, https://dblp.org}
}


@InProceedings{10.1007/11780441_5,
author="Fischer, Johannes
and Heun, Volker",
title="Theoretical and Practical Improvements on the {RMQ}-Problem, with Applications to {LCA} and {LCE}",
booktitle="CPM 2006",
year="2006",
pages="36--48",
doi = {10.1007/11780441\_5}
}


@InProceedings{belazzougui_et_al:LIPIcs.CPM.2021.8,
  author =	{Belazzougui, Djamal and Kosolobov, Dmitry and Puglisi, Simon J. and Raman, Rajeev},
  title =	{{Weighted Ancestors in Suffix Trees Revisited}},
  booktitle =	{32nd Annual Symposium on Combinatorial Pattern Matching (CPM 2021)},
  pages =	{8:1--8:15},
  series =	{Leibniz International Proceedings in Informatics (LIPIcs)},
  ISBN =	{978-3-95977-186-3},
  ISSN =	{1868-8969},
  year =	{2021},
  volume =	{191},
  URN =		{urn:nbn:de:0030-drops-139594},
  doi =		{10.4230/LIPIcs.CPM.2021.8},
  annote =	{Keywords: suffix tree, weighted ancestors, irreducible LCP, deterministic substring hashing}
}

@inproceedings{DBLP:conf/focs/GanardiJL19,
  author    = {Moses Ganardi and
               Artur Jez and
               Markus Lohrey},
  title     = {Balancing Straight-Line Programs},
  booktitle = {{FOCS} 2019},
  pages     = {1169--1183},
  publisher = {{IEEE} Computer Society},
  year      = {2019},
  doi       = {10.1109/FOCS.2019.00073},
  timestamp = {Fri, 27 Mar 2020 08:49:21 +0100},
  biburl    = {https://dblp.org/rec/conf/focs/GanardiJL19.bib},
  bibsource = {dblp computer science bibliography, https://dblp.org}
}

@inproceedings{DBLP:conf/soda/GanardiG22,
  author    = {Moses Ganardi and
               Pawel Gawrychowski},
  title     = {Pattern Matching on Grammar-Compressed Strings in Linear Time},
  booktitle = {{SODA} 2022},
  pages     = {2833--2846},
  year      = {2022},
  doi       = {10.1137/1.9781611977073.110},
  timestamp = {Tue, 12 Apr 2022 11:24:56 +0200},
  biburl    = {https://dblp.org/rec/conf/soda/GanardiG22.bib},
  bibsource = {dblp computer science bibliography, https://dblp.org}
}





@article{NavarroT16,
  author    = {Gonzalo Navarro and
               Sharma V. Thankachan},
  title     = {Reporting consecutive substring occurrences under bounded gap constraints},
  journal   = {Theor. Comput. Sci.},
  volume    = {638},
  pages     = {108--111},
  year      = {2016}
}




@article{fine1965uniqueness,
  title={Uniqueness theorems for periodic functions},
  author={Nathan J. Fine and Herbert S. Wilf},
  journal={Proc. Am. Math. Soc.},
  volume={16},
  number={1},
  pages={109--114},
  year={1965}
}




@article{talg/ChristiansenEKN21,
  author    = {Anders Roy Christiansen and
               Mikko Berggren Ettienne and
               Tomasz Kociumaka and
               Gonzalo Navarro and
               Nicola Prezza},
  title     = {Optimal-Time Dictionary-Compressed Indexes},
  journal   = {{ACM} Trans. Algorithms},
  volume    = {17},
  number    = {1},
  pages     = {8:1--8:39},
  year      = {2021},
  doi          = {10.1145/3426473}}
  
 

@article{tit/KiefferY00,
  author    = {John C. Kieffer and
               En{-}Hui Yang},
  title     = {Grammar-based codes: {A} new class of universal lossless source codes},
  journal   = {{IEEE} Trans. Inf. Theory},
  volume    = {46},
  number    = {3},
  pages     = {737--754},
  year      = {2000}
}




@article{cpm/BilleGPS21,
  author       = {Philip Bille and
                  Inge Li G{\o}rtz and
                  Max Rish{\o}j Pedersen and
                  Teresa Anna Steiner},
  title        = {Gapped Indexing for Consecutive Occurrences},
  journal      = {Algorithmica},
  volume       = {85},
  number       = {4},
  pages        = {879--901},
  year         = {2023},
  doi          = {10.1007/s00453-022-01051-6},
  timestamp    = {Sat, 29 Apr 2023 19:26:41 +0200},
  biburl       = {https://dblp.org/rec/journals/algorithmica/BilleGPS23.bib},
  bibsource    = {dblp computer science bibliography, https://dblp.org}
}



@article{JoC/KnuthMorrisPratt,
author = {Knuth, Donald E. and Morris, Jr., James H. and Pratt, Vaughan R.},
title = {Fast Pattern Matching in Strings},
journal = {SIAM Journal on Computing},
volume = {6},
number = {2},
pages = {323-350},
year = {1977},
doi = {10.1137/0206024},
eprint = {https://doi.org/10.1137/0206024},
}

@article{DBLP:journals/corr/abs-2211-16860,
author       = {Philip Bille and
                Inge Li G{\o}rtz and
                Moshe Lewenstein and
                Solon P. Pissis and
                Eva Rotenberg and
                Teresa Anna Steiner},
title        = {Gapped String Indexing in Subquadratic Space and Sublinear Query Time},
journal      = {CoRR},
volume       = {abs/2211.16860},
year         = {2022},
url          = {https://doi.org/10.48550/arXiv.2211.16860},
doi          = {10.48550/arXiv.2211.16860},
eprinttype    = {arXiv},
eprint       = {2211.16860},
timestamp    = {Fri, 02 Dec 2022 15:46:27 +0100},
biburl       = {https://dblp.org/rec/journals/corr/abs-2211-16860.bib},
bibsource    = {dblp computer science bibliography, https://dblp.org}
}